[
  {
    "campaign_id": "CAMP1000",
    "platform": "email",
    "start_date": "2025-09-19",
    "end_date": "2025-09-28",
    "target_zip": "11211",
    "target_demographic": "55+",
    "ad_creative_id": "CREATIVE468",
    "impressions": 5307,
    "clicks": 160,
    "leads": 47,
    "appointments_booked": 24,
    "appointments_completed": 18,
    "total_spend": 293,
    "total_revenue": 7200,
    "cpl": 6,
    "cpa": 16,
    "roas": 24.59,
    "profit": 6907
  },
  {
    "campaign_id": "CAMP1001",
    "platform": "organic",
    "start_date": "2025-08-15",
    "end_date": "2025-09-27",
    "target_zip": "11211",
    "target_demographic": "55+",
    "ad_creative_id": "CREATIVE854",
    "impressions": 46624,
    "clicks": 2081,
    "leads": 633,
    "appointments_booked": 317,
    "appointments_completed": 238,
    "total_spend": 0,
    "total_revenue": 95200,
    "cpl": 0,
    "cpa": 0,
    "roas": 0,
    "profit": 95200
  },
  {
    "campaign_id": "CAMP1002",
    "platform": "referral",
    "start_date": "2025-08-04",
    "end_date": "2025-09-20",
    "target_zip": "11211",
    "target_demographic": "25-34",
    "ad_creative_id": "CREATIVE546",
    "impressions": 24156,
    "clicks": 1117,
    "leads": 572,
    "appointments_booked": 286,
    "appointments_completed": 215,
    "total_spend": 0,
    "total_revenue": 86000,
    "cpl": 0,
    "cpa": 0,
    "roas": 0,
    "profit": 86000
  },
  {
    "campaign_id": "CAMP1003",
    "platform": "organic",
    "start_date": "2025-08-18",
    "end_date": "2025-09-25",
    "target_zip": "90210",
    "target_demographic": "45-54",
    "ad_creative_id": "CREATIVE287",
    "impressions": 26640,
    "clicks": 379,
    "leads": 107,
    "appointments_booked": 75,
    "appointments_completed": 68,
    "total_spend": 0,
    "total_revenue": 44200,
    "cpl": 0,
    "cpa": 0,
    "roas": 0,
    "profit": 44200
  },
  {
    "campaign_id": "CAMP1004",
    "platform": "organic",
    "start_date": "2025-07-19",
    "end_date": "2025-09-17",
    "target_zip": "11211",
    "target_demographic": "45-54",
    "ad_creative_id": "CREATIVE891",
    "impressions": 17866,
    "clicks": 885,
    "leads": 225,
    "appointments_booked": 113,
    "appointments_completed": 85,
    "total_spend": 0,
    "total_revenue": 34000,
    "cpl": 0,
    "cpa": 0,
    "roas": 0,
    "profit": 34000
  },
  {
    "campaign_id": "CAMP1005",
    "platform": "organic",
    "start_date": "2025-09-12",
    "end_date": "2025-09-16",
    "target_zip": "11101",
    "target_demographic": "55+",
    "ad_creative_id": "CREATIVE165",
    "impressions": 16857,
    "clicks": 338,
    "leads": 89,
    "appointments_booked": 45,
    "appointments_completed": 34,
    "total_spend": 0,
    "total_revenue": 13600,
    "cpl": 0,
    "cpa": 0,
    "roas": 0,
    "profit": 13600
  },
  {
    "campaign_id": "CAMP1006",
    "platform": "instagram",
    "start_date": "2025-08-26",
    "end_date": "2025-09-03",
    "target_zip": "90210",
    "target_demographic": "35-44",
    "ad_creative_id": "CREATIVE820",
    "impressions": 6230,
    "clicks": 118,
    "leads": 19,
    "appointments_booked": 13,
    "appointments_completed": 12,
    "total_spend": 1931,
    "total_revenue": 7800,
    "cpl": 102,
    "cpa": 161,
    "roas": 4.04,
    "profit": 5869
  },
  {
    "campaign_id": "CAMP1007",
    "platform": "organic",
    "start_date": "2025-08-21",
    "end_date": "2025-09-15",
    "target_zip": "90210",
    "target_demographic": "55+",
    "ad_creative_id": "CREATIVE836",
    "impressions": 24140,
    "clicks": 1032,
    "leads": 259,
    "appointments_booked": 181,
    "appointments_completed": 163,
    "total_spend": 0,
    "total_revenue": 105950,
    "cpl": 0,
    "cpa": 0,
    "roas": 0,
    "profit": 105950
  },
  {
    "campaign_id": "CAMP1008",
    "platform": "referral",
    "start_date": "2025-09-04",
    "end_date": "2025-09-27",
    "target_zip": "11211",
    "target_demographic": "45-54",
    "ad_creative_id": "CREATIVE266",
    "impressions": 28431,
    "clicks": 1387,
    "leads": 516,
    "appointments_booked": 258,
    "appointments_completed": 194,
    "total_spend": 0,
    "total_revenue": 77600,
    "cpl": 0,
    "cpa": 0,
    "roas": 0,
    "profit": 77600
  },
  {
    "campaign_id": "CAMP1009",
    "platform": "instagram",
    "start_date": "2025-07-10",
    "end_date": "2025-09-18",
    "target_zip": "07302",
    "target_demographic": "55+",
    "ad_creative_id": "CREATIVE308",
    "impressions": 6388,
    "clicks": 86,
    "leads": 11,
    "appointments_booked": 6,
    "appointments_completed": 5,
    "total_spend": 1584,
    "total_revenue": 2000,
    "cpl": 144,
    "cpa": 317,
    "roas": 1.26,
    "profit": 416
  },
  {
    "campaign_id": "CAMP1010",
    "platform": "facebook",
    "start_date": "2025-08-20",
    "end_date": "2025-09-10",
    "target_zip": "10021",
    "target_demographic": "55+",
    "ad_creative_id": "CREATIVE715",
    "impressions": 35255,
    "clicks": 995,
    "leads": 198,
    "appointments_booked": 139,
    "appointments_completed": 125,
    "total_spend": 14344,
    "total_revenue": 81250,
    "cpl": 72,
    "cpa": 115,
    "roas": 5.66,
    "profit": 66906
  },
  {
    "campaign_id": "CAMP1011",
    "platform": "facebook",
    "start_date": "2025-08-11",
    "end_date": "2025-09-08",
    "target_zip": "07302",
    "target_demographic": "55+",
    "ad_creative_id": "CREATIVE273",
    "impressions": 29059,
    "clicks": 1103,
    "leads": 208,
    "appointments_booked": 104,
    "appointments_completed": 78,
    "total_spend": 16579,
    "total_revenue": 31200,
    "cpl": 80,
    "cpa": 213,
    "roas": 1.88,
    "profit": 14621
  },
  {
    "campaign_id": "CAMP1012",
    "platform": "email",
    "start_date": "2025-08-11",
    "end_date": "2025-08-31",
    "target_zip": "11211",
    "target_demographic": "45-54",
    "ad_creative_id": "CREATIVE601",
    "impressions": 17553,
    "clicks": 484,
    "leads": 149,
    "appointments_booked": 75,
    "appointments_completed": 56,
    "total_spend": 1050,
    "total_revenue": 22400,
    "cpl": 7,
    "cpa": 19,
    "roas": 21.34,
    "profit": 21350
  },
  {
    "campaign_id": "CAMP1013",
    "platform": "facebook",
    "start_date": "2025-09-26",
    "end_date": "2025-09-17",
    "target_zip": "90210",
    "target_demographic": "25-34",
    "ad_creative_id": "CREATIVE583",
    "impressions": 34327,
    "clicks": 1066,
    "leads": 164,
    "appointments_booked": 115,
    "appointments_completed": 104,
    "total_spend": 14965,
    "total_revenue": 67600,
    "cpl": 91,
    "cpa": 144,
    "roas": 4.52,
    "profit": 52635
  },
  {
    "campaign_id": "CAMP1014",
    "platform": "organic",
    "start_date": "2025-09-22",
    "end_date": "2025-09-24",
    "target_zip": "11101",
    "target_demographic": "35-44",
    "ad_creative_id": "CREATIVE454",
    "impressions": 43594,
    "clicks": 1467,
    "leads": 406,
    "appointments_booked": 203,
    "appointments_completed": 152,
    "total_spend": 0,
    "total_revenue": 60800,
    "cpl": 0,
    "cpa": 0,
    "roas": 0,
    "profit": 60800
  },
  {
    "campaign_id": "CAMP1015",
    "platform": "referral",
    "start_date": "2025-08-16",
    "end_date": "2025-09-16",
    "target_zip": "10021",
    "target_demographic": "35-44",
    "ad_creative_id": "CREATIVE195",
    "impressions": 44437,
    "clicks": 1646,
    "leads": 733,
    "appointments_booked": 513,
    "appointments_completed": 462,
    "total_spend": 0,
    "total_revenue": 300300,
    "cpl": 0,
    "cpa": 0,
    "roas": 0,
    "profit": 300300
  },
  {
    "campaign_id": "CAMP1016",
    "platform": "google",
    "start_date": "2025-09-28",
    "end_date": "2025-09-30",
    "target_zip": "11101",
    "target_demographic": "55+",
    "ad_creative_id": "CREATIVE405",
    "impressions": 11409,
    "clicks": 301,
    "leads": 65,
    "appointments_booked": 33,
    "appointments_completed": 25,
    "total_spend": 7817,
    "total_revenue": 10000,
    "cpl": 120,
    "cpa": 313,
    "roas": 1.28,
    "profit": 2183
  },
  {
    "campaign_id": "CAMP1017",
    "platform": "instagram",
    "start_date": "2025-09-23",
    "end_date": "2025-08-31",
    "target_zip": "11101",
    "target_demographic": "25-34",
    "ad_creative_id": "CREATIVE328",
    "impressions": 30382,
    "clicks": 477,
    "leads": 61,
    "appointments_booked": 31,
    "appointments_completed": 23,
    "total_spend": 7982,
    "total_revenue": 9200,
    "cpl": 131,
    "cpa": 347,
    "roas": 1.15,
    "profit": 1218
  },
  {
    "campaign_id": "CAMP1018",
    "platform": "facebook",
    "start_date": "2025-09-25",
    "end_date": "2025-09-12",
    "target_zip": "10453",
    "target_demographic": "45-54",
    "ad_creative_id": "CREATIVE676",
    "impressions": 13687,
    "clicks": 458,
    "leads": 92,
    "appointments_booked": 46,
    "appointments_completed": 35,
    "total_spend": 6668,
    "total_revenue": 14000,
    "cpl": 72,
    "cpa": 191,
    "roas": 2.1,
    "profit": 7332
  },
  {
    "campaign_id": "CAMP1019",
    "platform": "email",
    "start_date": "2025-08-26",
    "end_date": "2025-09-09",
    "target_zip": "90210",
    "target_demographic": "45-54",
    "ad_creative_id": "CREATIVE665",
    "impressions": 39130,
    "clicks": 762,
    "leads": 243,
    "appointments_booked": 170,
    "appointments_completed": 153,
    "total_spend": 1532,
    "total_revenue": 99450,
    "cpl": 6,
    "cpa": 10,
    "roas": 64.91,
    "profit": 97918
  },
  {
    "campaign_id": "CAMP1020",
    "platform": "instagram",
    "start_date": "2025-07-17",
    "end_date": "2025-09-14",
    "target_zip": "90210",
    "target_demographic": "45-54",
    "ad_creative_id": "CREATIVE406",
    "impressions": 28516,
    "clicks": 1322,
    "leads": 232,
    "appointments_booked": 162,
    "appointments_completed": 146,
    "total_spend": 23448,
    "total_revenue": 94900,
    "cpl": 101,
    "cpa": 161,
    "roas": 4.05,
    "profit": 71452
  },
  {
    "campaign_id": "CAMP1021",
    "platform": "tiktok",
    "start_date": "2025-07-11",
    "end_date": "2025-09-23",
    "target_zip": "11101",
    "target_demographic": "35-44",
    "ad_creative_id": "CREATIVE920",
    "impressions": 29365,
    "clicks": 947,
    "leads": 78,
    "appointments_booked": 39,
    "appointments_completed": 29,
    "total_spend": 10263,
    "total_revenue": 11600,
    "cpl": 132,
    "cpa": 354,
    "roas": 1.13,
    "profit": 1337
  },
  {
    "campaign_id": "CAMP1022",
    "platform": "organic",
    "start_date": "2025-09-02",
    "end_date": "2025-09-17",
    "target_zip": "07302",
    "target_demographic": "45-54",
    "ad_creative_id": "CREATIVE976",
    "impressions": 18012,
    "clicks": 534,
    "leads": 134,
    "appointments_booked": 67,
    "appointments_completed": 50,
    "total_spend": 0,
    "total_revenue": 20000,
    "cpl": 0,
    "cpa": 0,
    "roas": 0,
    "profit": 20000
  },
  {
    "campaign_id": "CAMP1023",
    "platform": "tiktok",
    "start_date": "2025-07-12",
    "end_date": "2025-09-04",
    "target_zip": "07302",
    "target_demographic": "55+",
    "ad_creative_id": "CREATIVE675",
    "impressions": 7920,
    "clicks": 128,
    "leads": 12,
    "appointments_booked": 6,
    "appointments_completed": 5,
    "total_spend": 1510,
    "total_revenue": 2000,
    "cpl": 126,
    "cpa": 302,
    "roas": 1.32,
    "profit": 490
  },
  {
    "campaign_id": "CAMP1024",
    "platform": "instagram",
    "start_date": "2025-09-15",
    "end_date": "2025-09-12",
    "target_zip": "11030",
    "target_demographic": "55+",
    "ad_creative_id": "CREATIVE520",
    "impressions": 25836,
    "clicks": 465,
    "leads": 77,
    "appointments_booked": 54,
    "appointments_completed": 49,
    "total_spend": 7999,
    "total_revenue": 31850,
    "cpl": 104,
    "cpa": 163,
    "roas": 3.98,
    "profit": 23851
  },
  {
    "campaign_id": "CAMP1025",
    "platform": "referral",
    "start_date": "2025-09-22",
    "end_date": "2025-09-10",
    "target_zip": "11101",
    "target_demographic": "45-54",
    "ad_creative_id": "CREATIVE648",
    "impressions": 12358,
    "clicks": 330,
    "leads": 177,
    "appointments_booked": 89,
    "appointments_completed": 67,
    "total_spend": 0,
    "total_revenue": 26800,
    "cpl": 0,
    "cpa": 0,
    "roas": 0,
    "profit": 26800
  },
  {
    "campaign_id": "CAMP1026",
    "platform": "email",
    "start_date": "2025-09-28",
    "end_date": "2025-09-28",
    "target_zip": "10021",
    "target_demographic": "45-54",
    "ad_creative_id": "CREATIVE281",
    "impressions": 7126,
    "clicks": 315,
    "leads": 113,
    "appointments_booked": 79,
    "appointments_completed": 71,
    "total_spend": 645,
    "total_revenue": 46150,
    "cpl": 6,
    "cpa": 9,
    "roas": 71.59,
    "profit": 45505
  },
  {
    "campaign_id": "CAMP1027",
    "platform": "google",
    "start_date": "2025-09-18",
    "end_date": "2025-09-20",
    "target_zip": "10021",
    "target_demographic": "55+",
    "ad_creative_id": "CREATIVE228",
    "impressions": 12895,
    "clicks": 829,
    "leads": 185,
    "appointments_booked": 130,
    "appointments_completed": 117,
    "total_spend": 18722,
    "total_revenue": 76050,
    "cpl": 101,
    "cpa": 160,
    "roas": 4.06,
    "profit": 57328
  },
  {
    "campaign_id": "CAMP1028",
    "platform": "referral",
    "start_date": "2025-07-23",
    "end_date": "2025-09-05",
    "target_zip": "11211",
    "target_demographic": "55+",
    "ad_creative_id": "CREATIVE740",
    "impressions": 42423,
    "clicks": 1585,
    "leads": 749,
    "appointments_booked": 375,
    "appointments_completed": 281,
    "total_spend": 0,
    "total_revenue": 112400,
    "cpl": 0,
    "cpa": 0,
    "roas": 0,
    "profit": 112400
  },
  {
    "campaign_id": "CAMP1029",
    "platform": "instagram",
    "start_date": "2025-08-04",
    "end_date": "2025-09-26",
    "target_zip": "90210",
    "target_demographic": "25-34",
    "ad_creative_id": "CREATIVE104",
    "impressions": 12089,
    "clicks": 465,
    "leads": 72,
    "appointments_booked": 50,
    "appointments_completed": 45,
    "total_spend": 8611,
    "total_revenue": 29250,
    "cpl": 120,
    "cpa": 191,
    "roas": 3.4,
    "profit": 20639
  },
  {
    "campaign_id": "CAMP1030",
    "platform": "facebook",
    "start_date": "2025-09-12",
    "end_date": "2025-09-03",
    "target_zip": "11211",
    "target_demographic": "45-54",
    "ad_creative_id": "CREATIVE277",
    "impressions": 5976,
    "clicks": 230,
    "leads": 46,
    "appointments_booked": 23,
    "appointments_completed": 17,
    "total_spend": 3447,
    "total_revenue": 6800,
    "cpl": 75,
    "cpa": 203,
    "roas": 1.97,
    "profit": 3353
  },
  {
    "campaign_id": "CAMP1031",
    "platform": "referral",
    "start_date": "2025-08-23",
    "end_date": "2025-09-19",
    "target_zip": "07302",
    "target_demographic": "55+",
    "ad_creative_id": "CREATIVE889",
    "impressions": 36096,
    "clicks": 364,
    "leads": 134,
    "appointments_booked": 67,
    "appointments_completed": 50,
    "total_spend": 0,
    "total_revenue": 20000,
    "cpl": 0,
    "cpa": 0,
    "roas": 0,
    "profit": 20000
  },
  {
    "campaign_id": "CAMP1032",
    "platform": "tiktok",
    "start_date": "2025-08-22",
    "end_date": "2025-09-21",
    "target_zip": "10021",
    "target_demographic": "55+",
    "ad_creative_id": "CREATIVE542",
    "impressions": 5726,
    "clicks": 139,
    "leads": 13,
    "appointments_booked": 9,
    "appointments_completed": 8,
    "total_spend": 1806,
    "total_revenue": 5200,
    "cpl": 139,
    "cpa": 226,
    "roas": 2.88,
    "profit": 3394
  },
  {
    "campaign_id": "CAMP1033",
    "platform": "email",
    "start_date": "2025-08-29",
    "end_date": "2025-09-17",
    "target_zip": "11211",
    "target_demographic": "55+",
    "ad_creative_id": "CREATIVE479",
    "impressions": 42429,
    "clicks": 2021,
    "leads": 767,
    "appointments_booked": 384,
    "appointments_completed": 288,
    "total_spend": 3993,
    "total_revenue": 115200,
    "cpl": 5,
    "cpa": 14,
    "roas": 28.85,
    "profit": 111207
  },
  {
    "campaign_id": "CAMP1034",
    "platform": "organic",
    "start_date": "2025-07-24",
    "end_date": "2025-09-18",
    "target_zip": "11030",
    "target_demographic": "55+",
    "ad_creative_id": "CREATIVE924",
    "impressions": 35868,
    "clicks": 513,
    "leads": 151,
    "appointments_booked": 106,
    "appointments_completed": 95,
    "total_spend": 0,
    "total_revenue": 61750,
    "cpl": 0,
    "cpa": 0,
    "roas": 0,
    "profit": 61750
  },
  {
    "campaign_id": "CAMP1035",
    "platform": "tiktok",
    "start_date": "2025-08-27",
    "end_date": "2025-09-29",
    "target_zip": "90210",
    "target_demographic": "45-54",
    "ad_creative_id": "CREATIVE206",
    "impressions": 24332,
    "clicks": 677,
    "leads": 60,
    "appointments_booked": 42,
    "appointments_completed": 38,
    "total_spend": 8120,
    "total_revenue": 24700,
    "cpl": 135,
    "cpa": 214,
    "roas": 3.04,
    "profit": 16580
  },
  {
    "campaign_id": "CAMP1036",
    "platform": "organic",
    "start_date": "2025-08-13",
    "end_date": "2025-09-24",
    "target_zip": "11211",
    "target_demographic": "25-34",
    "ad_creative_id": "CREATIVE613",
    "impressions": 14235,
    "clicks": 320,
    "leads": 108,
    "appointments_booked": 54,
    "appointments_completed": 41,
    "total_spend": 0,
    "total_revenue": 16400,
    "cpl": 0,
    "cpa": 0,
    "roas": 0,
    "profit": 16400
  },
  {
    "campaign_id": "CAMP1037",
    "platform": "facebook",
    "start_date": "2025-09-04",
    "end_date": "2025-09-11",
    "target_zip": "11101",
    "target_demographic": "55+",
    "ad_creative_id": "CREATIVE512",
    "impressions": 25941,
    "clicks": 299,
    "leads": 63,
    "appointments_booked": 32,
    "appointments_completed": 24,
    "total_spend": 4813,
    "total_revenue": 9600,
    "cpl": 76,
    "cpa": 201,
    "roas": 1.99,
    "profit": 4787
  },
  {
    "campaign_id": "CAMP1038",
    "platform": "tiktok",
    "start_date": "2025-09-08",
    "end_date": "2025-09-11",
    "target_zip": "10021",
    "target_demographic": "55+",
    "ad_creative_id": "CREATIVE588",
    "impressions": 27555,
    "clicks": 828,
    "leads": 86,
    "appointments_booked": 60,
    "appointments_completed": 54,
    "total_spend": 10921,
    "total_revenue": 35100,
    "cpl": 127,
    "cpa": 202,
    "roas": 3.21,
    "profit": 24179
  },
  {
    "campaign_id": "CAMP1039",
    "platform": "email",
    "start_date": "2025-07-30",
    "end_date": "2025-09-14",
    "target_zip": "11101",
    "target_demographic": "35-44",
    "ad_creative_id": "CREATIVE203",
    "impressions": 14859,
    "clicks": 593,
    "leads": 187,
    "appointments_booked": 94,
    "appointments_completed": 71,
    "total_spend": 1081,
    "total_revenue": 28400,
    "cpl": 6,
    "cpa": 15,
    "roas": 26.26,
    "profit": 27319
  },
  {
    "campaign_id": "CAMP1040",
    "platform": "referral",
    "start_date": "2025-09-02",
    "end_date": "2025-09-03",
    "target_zip": "10453",
    "target_demographic": "45-54",
    "ad_creative_id": "CREATIVE668",
    "impressions": 9258,
    "clicks": 321,
    "leads": 120,
    "appointments_booked": 60,
    "appointments_completed": 45,
    "total_spend": 0,
    "total_revenue": 18000,
    "cpl": 0,
    "cpa": 0,
    "roas": 0,
    "profit": 18000
  },
  {
    "campaign_id": "CAMP1041",
    "platform": "tiktok",
    "start_date": "2025-08-28",
    "end_date": "2025-09-25",
    "target_zip": "10021",
    "target_demographic": "45-54",
    "ad_creative_id": "CREATIVE651",
    "impressions": 7550,
    "clicks": 281,
    "leads": 24,
    "appointments_booked": 17,
    "appointments_completed": 15,
    "total_spend": 3370,
    "total_revenue": 9750,
    "cpl": 140,
    "cpa": 225,
    "roas": 2.89,
    "profit": 6380
  },
  {
    "campaign_id": "CAMP1042",
    "platform": "tiktok",
    "start_date": "2025-08-29",
    "end_date": "2025-09-13",
    "target_zip": "11030",
    "target_demographic": "45-54",
    "ad_creative_id": "CREATIVE808",
    "impressions": 20125,
    "clicks": 344,
    "leads": 38,
    "appointments_booked": 27,
    "appointments_completed": 24,
    "total_spend": 4197,
    "total_revenue": 15600,
    "cpl": 110,
    "cpa": 175,
    "roas": 3.72,
    "profit": 11403
  },
  {
    "campaign_id": "CAMP1043",
    "platform": "organic",
    "start_date": "2025-07-11",
    "end_date": "2025-09-27",
    "target_zip": "90210",
    "target_demographic": "55+",
    "ad_creative_id": "CREATIVE103",
    "impressions": 48914,
    "clicks": 1608,
    "leads": 506,
    "appointments_booked": 354,
    "appointments_completed": 319,
    "total_spend": 0,
    "total_revenue": 207350,
    "cpl": 0,
    "cpa": 0,
    "roas": 0,
    "profit": 207350
  },
  {
    "campaign_id": "CAMP1044",
    "platform": "organic",
    "start_date": "2025-07-31",
    "end_date": "2025-09-03",
    "target_zip": "07302",
    "target_demographic": "25-34",
    "ad_creative_id": "CREATIVE133",
    "impressions": 32535,
    "clicks": 413,
    "leads": 122,
    "appointments_booked": 61,
    "appointments_completed": 46,
    "total_spend": 0,
    "total_revenue": 18400,
    "cpl": 0,
    "cpa": 0,
    "roas": 0,
    "profit": 18400
  },
  {
    "campaign_id": "CAMP1045",
    "platform": "organic",
    "start_date": "2025-09-14",
    "end_date": "2025-09-14",
    "target_zip": "11101",
    "target_demographic": "25-34",
    "ad_creative_id": "CREATIVE968",
    "impressions": 16209,
    "clicks": 742,
    "leads": 259,
    "appointments_booked": 130,
    "appointments_completed": 98,
    "total_spend": 0,
    "total_revenue": 39200,
    "cpl": 0,
    "cpa": 0,
    "roas": 0,
    "profit": 39200
  },
  {
    "campaign_id": "CAMP1046",
    "platform": "referral",
    "start_date": "2025-09-20",
    "end_date": "2025-09-07",
    "target_zip": "07302",
    "target_demographic": "35-44",
    "ad_creative_id": "CREATIVE784",
    "impressions": 1004,
    "clicks": 15,
    "leads": 6,
    "appointments_booked": 3,
    "appointments_completed": 2,
    "total_spend": 0,
    "total_revenue": 800,
    "cpl": 0,
    "cpa": 0,
    "roas": 0,
    "profit": 800
  },
  {
    "campaign_id": "CAMP1047",
    "platform": "email",
    "start_date": "2025-07-27",
    "end_date": "2025-09-17",
    "target_zip": "11030",
    "target_demographic": "55+",
    "ad_creative_id": "CREATIVE242",
    "impressions": 27864,
    "clicks": 884,
    "leads": 366,
    "appointments_booked": 256,
    "appointments_completed": 230,
    "total_spend": 1812,
    "total_revenue": 149500,
    "cpl": 5,
    "cpa": 8,
    "roas": 82.51,
    "profit": 147688
  },
  {
    "campaign_id": "CAMP1048",
    "platform": "google",
    "start_date": "2025-07-24",
    "end_date": "2025-09-16",
    "target_zip": "11101",
    "target_demographic": "25-34",
    "ad_creative_id": "CREATIVE337",
    "impressions": 38211,
    "clicks": 1661,
    "leads": 413,
    "appointments_booked": 207,
    "appointments_completed": 155,
    "total_spend": 41665,
    "total_revenue": 62000,
    "cpl": 101,
    "cpa": 269,
    "roas": 1.49,
    "profit": 20335
  },
  {
    "campaign_id": "CAMP1049",
    "platform": "organic",
    "start_date": "2025-07-20",
    "end_date": "2025-09-29",
    "target_zip": "07302",
    "target_demographic": "35-44",
    "ad_creative_id": "CREATIVE929",
    "impressions": 40539,
    "clicks": 1463,
    "leads": 451,
    "appointments_booked": 226,
    "appointments_completed": 170,
    "total_spend": 0,
    "total_revenue": 68000,
    "cpl": 0,
    "cpa": 0,
    "roas": 0,
    "profit": 68000
  },
  {
    "campaign_id": "CAMP1050",
    "platform": "instagram",
    "start_date": "2025-09-02",
    "end_date": "2025-09-12",
    "target_zip": "10453",
    "target_demographic": "25-34",
    "ad_creative_id": "CREATIVE897",
    "impressions": 8074,
    "clicks": 360,
    "leads": 50,
    "appointments_booked": 25,
    "appointments_completed": 19,
    "total_spend": 5867,
    "total_revenue": 7600,
    "cpl": 117,
    "cpa": 309,
    "roas": 1.3,
    "profit": 1733
  },
  {
    "campaign_id": "CAMP1051",
    "platform": "instagram",
    "start_date": "2025-07-09",
    "end_date": "2025-09-05",
    "target_zip": "10453",
    "target_demographic": "45-54",
    "ad_creative_id": "CREATIVE351",
    "impressions": 29566,
    "clicks": 1400,
    "leads": 202,
    "appointments_booked": 101,
    "appointments_completed": 76,
    "total_spend": 27179,
    "total_revenue": 30400,
    "cpl": 135,
    "cpa": 358,
    "roas": 1.12,
    "profit": 3221
  },
  {
    "campaign_id": "CAMP1052",
    "platform": "organic",
    "start_date": "2025-09-26",
    "end_date": "2025-09-29",
    "target_zip": "11101",
    "target_demographic": "45-54",
    "ad_creative_id": "CREATIVE339",
    "impressions": 2144,
    "clicks": 63,
    "leads": 17,
    "appointments_booked": 9,
    "appointments_completed": 7,
    "total_spend": 0,
    "total_revenue": 2800,
    "cpl": 0,
    "cpa": 0,
    "roas": 0,
    "profit": 2800
  },
  {
    "campaign_id": "CAMP1053",
    "platform": "google",
    "start_date": "2025-08-19",
    "end_date": "2025-09-14",
    "target_zip": "11101",
    "target_demographic": "35-44",
    "ad_creative_id": "CREATIVE748",
    "impressions": 32577,
    "clicks": 1852,
    "leads": 464,
    "appointments_booked": 232,
    "appointments_completed": 174,
    "total_spend": 45674,
    "total_revenue": 69600,
    "cpl": 98,
    "cpa": 262,
    "roas": 1.52,
    "profit": 23926
  },
  {
    "campaign_id": "CAMP1054",
    "platform": "facebook",
    "start_date": "2025-07-26",
    "end_date": "2025-09-15",
    "target_zip": "11030",
    "target_demographic": "45-54",
    "ad_creative_id": "CREATIVE812",
    "impressions": 36761,
    "clicks": 1048,
    "leads": 202,
    "appointments_booked": 141,
    "appointments_completed": 127,
    "total_spend": 16251,
    "total_revenue": 82550,
    "cpl": 80,
    "cpa": 128,
    "roas": 5.08,
    "profit": 66299
  },
  {
    "campaign_id": "CAMP1055",
    "platform": "facebook",
    "start_date": "2025-08-27",
    "end_date": "2025-09-22",
    "target_zip": "07302",
    "target_demographic": "25-34",
    "ad_creative_id": "CREATIVE196",
    "impressions": 49013,
    "clicks": 1529,
    "leads": 249,
    "appointments_booked": 125,
    "appointments_completed": 94,
    "total_spend": 24753,
    "total_revenue": 37600,
    "cpl": 99,
    "cpa": 263,
    "roas": 1.52,
    "profit": 12847
  },
  {
    "campaign_id": "CAMP1056",
    "platform": "facebook",
    "start_date": "2025-09-01",
    "end_date": "2025-09-06",
    "target_zip": "11030",
    "target_demographic": "35-44",
    "ad_creative_id": "CREATIVE697",
    "impressions": 18829,
    "clicks": 469,
    "leads": 77,
    "appointments_booked": 54,
    "appointments_completed": 49,
    "total_spend": 7418,
    "total_revenue": 31850,
    "cpl": 96,
    "cpa": 151,
    "roas": 4.29,
    "profit": 24432
  },
  {
    "campaign_id": "CAMP1057",
    "platform": "referral",
    "start_date": "2025-07-21",
    "end_date": "2025-09-20",
    "target_zip": "10453",
    "target_demographic": "45-54",
    "ad_creative_id": "CREATIVE609",
    "impressions": 22434,
    "clicks": 501,
    "leads": 237,
    "appointments_booked": 119,
    "appointments_completed": 89,
    "total_spend": 0,
    "total_revenue": 35600,
    "cpl": 0,
    "cpa": 0,
    "roas": 0,
    "profit": 35600
  },
  {
    "campaign_id": "CAMP1058",
    "platform": "referral",
    "start_date": "2025-08-03",
    "end_date": "2025-09-27",
    "target_zip": "11211",
    "target_demographic": "35-44",
    "ad_creative_id": "CREATIVE720",
    "impressions": 4407,
    "clicks": 214,
    "leads": 92,
    "appointments_booked": 46,
    "appointments_completed": 35,
    "total_spend": 0,
    "total_revenue": 14000,
    "cpl": 0,
    "cpa": 0,
    "roas": 0,
    "profit": 14000
  },
  {
    "campaign_id": "CAMP1059",
    "platform": "organic",
    "start_date": "2025-08-30",
    "end_date": "2025-09-15",
    "target_zip": "07302",
    "target_demographic": "35-44",
    "ad_creative_id": "CREATIVE667",
    "impressions": 37265,
    "clicks": 753,
    "leads": 235,
    "appointments_booked": 118,
    "appointments_completed": 89,
    "total_spend": 0,
    "total_revenue": 35600,
    "cpl": 0,
    "cpa": 0,
    "roas": 0,
    "profit": 35600
  },
  {
    "campaign_id": "CAMP1060",
    "platform": "email",
    "start_date": "2025-07-27",
    "end_date": "2025-09-09",
    "target_zip": "11030",
    "target_demographic": "45-54",
    "ad_creative_id": "CREATIVE716",
    "impressions": 49302,
    "clicks": 1958,
    "leads": 757,
    "appointments_booked": 530,
    "appointments_completed": 477,
    "total_spend": 3539,
    "total_revenue": 310050,
    "cpl": 5,
    "cpa": 7,
    "roas": 87.61,
    "profit": 306511
  },
  {
    "campaign_id": "CAMP1061",
    "platform": "email",
    "start_date": "2025-08-14",
    "end_date": "2025-09-13",
    "target_zip": "10453",
    "target_demographic": "25-34",
    "ad_creative_id": "CREATIVE666",
    "impressions": 11560,
    "clicks": 434,
    "leads": 157,
    "appointments_booked": 79,
    "appointments_completed": 59,
    "total_spend": 833,
    "total_revenue": 23600,
    "cpl": 5,
    "cpa": 14,
    "roas": 28.33,
    "profit": 22767
  },
  {
    "campaign_id": "CAMP1062",
    "platform": "email",
    "start_date": "2025-09-29",
    "end_date": "2025-09-13",
    "target_zip": "10021",
    "target_demographic": "35-44",
    "ad_creative_id": "CREATIVE705",
    "impressions": 28935,
    "clicks": 343,
    "leads": 105,
    "appointments_booked": 74,
    "appointments_completed": 67,
    "total_spend": 637,
    "total_revenue": 43550,
    "cpl": 6,
    "cpa": 10,
    "roas": 68.4,
    "profit": 42913
  },
  {
    "campaign_id": "CAMP1063",
    "platform": "organic",
    "start_date": "2025-07-09",
    "end_date": "2025-09-12",
    "target_zip": "10021",
    "target_demographic": "25-34",
    "ad_creative_id": "CREATIVE256",
    "impressions": 24680,
    "clicks": 724,
    "leads": 183,
    "appointments_booked": 128,
    "appointments_completed": 115,
    "total_spend": 0,
    "total_revenue": 74750,
    "cpl": 0,
    "cpa": 0,
    "roas": 0,
    "profit": 74750
  },
  {
    "campaign_id": "CAMP1064",
    "platform": "instagram",
    "start_date": "2025-09-14",
    "end_date": "2025-09-21",
    "target_zip": "10021",
    "target_demographic": "45-54",
    "ad_creative_id": "CREATIVE947",
    "impressions": 22448,
    "clicks": 822,
    "leads": 123,
    "appointments_booked": 86,
    "appointments_completed": 77,
    "total_spend": 13319,
    "total_revenue": 50050,
    "cpl": 108,
    "cpa": 173,
    "roas": 3.76,
    "profit": 36731
  },
  {
    "campaign_id": "CAMP1065",
    "platform": "facebook",
    "start_date": "2025-09-11",
    "end_date": "2025-09-25",
    "target_zip": "07302",
    "target_demographic": "55+",
    "ad_creative_id": "CREATIVE113",
    "impressions": 4582,
    "clicks": 98,
    "leads": 18,
    "appointments_booked": 9,
    "appointments_completed": 7,
    "total_spend": 1494,
    "total_revenue": 2800,
    "cpl": 83,
    "cpa": 213,
    "roas": 1.87,
    "profit": 1306
  },
  {
    "campaign_id": "CAMP1066",
    "platform": "instagram",
    "start_date": "2025-09-07",
    "end_date": "2025-09-24",
    "target_zip": "11211",
    "target_demographic": "45-54",
    "ad_creative_id": "CREATIVE380",
    "impressions": 8144,
    "clicks": 261,
    "leads": 43,
    "appointments_booked": 22,
    "appointments_completed": 17,
    "total_spend": 4805,
    "total_revenue": 6800,
    "cpl": 112,
    "cpa": 283,
    "roas": 1.42,
    "profit": 1995
  },
  {
    "campaign_id": "CAMP1067",
    "platform": "google",
    "start_date": "2025-08-02",
    "end_date": "2025-09-16",
    "target_zip": "90210",
    "target_demographic": "55+",
    "ad_creative_id": "CREATIVE928",
    "impressions": 19604,
    "clicks": 1295,
    "leads": 260,
    "appointments_booked": 182,
    "appointments_completed": 164,
    "total_spend": 34420,
    "total_revenue": 106600,
    "cpl": 132,
    "cpa": 210,
    "roas": 3.1,
    "profit": 72180
  },
  {
    "campaign_id": "CAMP1068",
    "platform": "email",
    "start_date": "2025-09-05",
    "end_date": "2025-09-20",
    "target_zip": "11101",
    "target_demographic": "45-54",
    "ad_creative_id": "CREATIVE988",
    "impressions": 22388,
    "clicks": 1095,
    "leads": 453,
    "appointments_booked": 227,
    "appointments_completed": 170,
    "total_spend": 2332,
    "total_revenue": 68000,
    "cpl": 5,
    "cpa": 14,
    "roas": 29.15,
    "profit": 65668
  },
  {
    "campaign_id": "CAMP1069",
    "platform": "tiktok",
    "start_date": "2025-07-06",
    "end_date": "2025-09-24",
    "target_zip": "11211",
    "target_demographic": "45-54",
    "ad_creative_id": "CREATIVE444",
    "impressions": 18838,
    "clicks": 622,
    "leads": 68,
    "appointments_booked": 34,
    "appointments_completed": 26,
    "total_spend": 7318,
    "total_revenue": 10400,
    "cpl": 108,
    "cpa": 281,
    "roas": 1.42,
    "profit": 3082
  },
  {
    "campaign_id": "CAMP1070",
    "platform": "facebook",
    "start_date": "2025-09-14",
    "end_date": "2025-09-01",
    "target_zip": "10453",
    "target_demographic": "45-54",
    "ad_creative_id": "CREATIVE775",
    "impressions": 25578,
    "clicks": 526,
    "leads": 89,
    "appointments_booked": 45,
    "appointments_completed": 34,
    "total_spend": 8217,
    "total_revenue": 13600,
    "cpl": 92,
    "cpa": 242,
    "roas": 1.66,
    "profit": 5383
  },
  {
    "campaign_id": "CAMP1071",
    "platform": "instagram",
    "start_date": "2025-07-07",
    "end_date": "2025-09-26",
    "target_zip": "11101",
    "target_demographic": "55+",
    "ad_creative_id": "CREATIVE529",
    "impressions": 6914,
    "clicks": 232,
    "leads": 41,
    "appointments_booked": 21,
    "appointments_completed": 16,
    "total_spend": 3973,
    "total_revenue": 6400,
    "cpl": 97,
    "cpa": 248,
    "roas": 1.61,
    "profit": 2427
  },
  {
    "campaign_id": "CAMP1072",
    "platform": "facebook",
    "start_date": "2025-09-05",
    "end_date": "2025-09-24",
    "target_zip": "10453",
    "target_demographic": "55+",
    "ad_creative_id": "CREATIVE424",
    "impressions": 24198,
    "clicks": 534,
    "leads": 107,
    "appointments_booked": 54,
    "appointments_completed": 41,
    "total_spend": 7467,
    "total_revenue": 16400,
    "cpl": 70,
    "cpa": 182,
    "roas": 2.2,
    "profit": 8933
  },
  {
    "campaign_id": "CAMP1073",
    "platform": "tiktok",
    "start_date": "2025-08-15",
    "end_date": "2025-09-23",
    "target_zip": "11211",
    "target_demographic": "25-34",
    "ad_creative_id": "CREATIVE337",
    "impressions": 6090,
    "clicks": 113,
    "leads": 11,
    "appointments_booked": 6,
    "appointments_completed": 5,
    "total_spend": 1327,
    "total_revenue": 2000,
    "cpl": 121,
    "cpa": 265,
    "roas": 1.51,
    "profit": 673
  },
  {
    "campaign_id": "CAMP1074",
    "platform": "facebook",
    "start_date": "2025-07-23",
    "end_date": "2025-09-21",
    "target_zip": "11101",
    "target_demographic": "25-34",
    "ad_creative_id": "CREATIVE301",
    "impressions": 39323,
    "clicks": 1298,
    "leads": 258,
    "appointments_booked": 129,
    "appointments_completed": 97,
    "total_spend": 18209,
    "total_revenue": 38800,
    "cpl": 71,
    "cpa": 188,
    "roas": 2.13,
    "profit": 20591
  },
  {
    "campaign_id": "CAMP1075",
    "platform": "instagram",
    "start_date": "2025-07-14",
    "end_date": "2025-09-25",
    "target_zip": "90210",
    "target_demographic": "25-34",
    "ad_creative_id": "CREATIVE495",
    "impressions": 21963,
    "clicks": 667,
    "leads": 93,
    "appointments_booked": 65,
    "appointments_completed": 59,
    "total_spend": 11721,
    "total_revenue": 38350,
    "cpl": 126,
    "cpa": 199,
    "roas": 3.27,
    "profit": 26629
  },
  {
    "campaign_id": "CAMP1076",
    "platform": "facebook",
    "start_date": "2025-08-13",
    "end_date": "2025-09-10",
    "target_zip": "11211",
    "target_demographic": "55+",
    "ad_creative_id": "CREATIVE177",
    "impressions": 26307,
    "clicks": 922,
    "leads": 168,
    "appointments_booked": 84,
    "appointments_completed": 63,
    "total_spend": 13448,
    "total_revenue": 25200,
    "cpl": 80,
    "cpa": 213,
    "roas": 1.87,
    "profit": 11752
  },
  {
    "campaign_id": "CAMP1077",
    "platform": "tiktok",
    "start_date": "2025-09-15",
    "end_date": "2025-09-24",
    "target_zip": "11211",
    "target_demographic": "45-54",
    "ad_creative_id": "CREATIVE543",
    "impressions": 44394,
    "clicks": 1652,
    "leads": 192,
    "appointments_booked": 96,
    "appointments_completed": 72,
    "total_spend": 18419,
    "total_revenue": 28800,
    "cpl": 96,
    "cpa": 256,
    "roas": 1.56,
    "profit": 10381
  },
  {
    "campaign_id": "CAMP1078",
    "platform": "email",
    "start_date": "2025-07-15",
    "end_date": "2025-09-29",
    "target_zip": "11101",
    "target_demographic": "35-44",
    "ad_creative_id": "CREATIVE223",
    "impressions": 36589,
    "clicks": 869,
    "leads": 347,
    "appointments_booked": 174,
    "appointments_completed": 131,
    "total_spend": 1846,
    "total_revenue": 52400,
    "cpl": 5,
    "cpa": 14,
    "roas": 28.38,
    "profit": 50554
  },
  {
    "campaign_id": "CAMP1079",
    "platform": "tiktok",
    "start_date": "2025-09-11",
    "end_date": "2025-09-02",
    "target_zip": "07302",
    "target_demographic": "35-44",
    "ad_creative_id": "CREATIVE777",
    "impressions": 43139,
    "clicks": 707,
    "leads": 61,
    "appointments_booked": 31,
    "appointments_completed": 23,
    "total_spend": 8878,
    "total_revenue": 9200,
    "cpl": 146,
    "cpa": 386,
    "roas": 1.04,
    "profit": 322
  },
  {
    "campaign_id": "CAMP1080",
    "platform": "facebook",
    "start_date": "2025-07-23",
    "end_date": "2025-09-12",
    "target_zip": "10021",
    "target_demographic": "55+",
    "ad_creative_id": "CREATIVE240",
    "impressions": 36245,
    "clicks": 880,
    "leads": 159,
    "appointments_booked": 111,
    "appointments_completed": 100,
    "total_spend": 13005,
    "total_revenue": 65000,
    "cpl": 82,
    "cpa": 130,
    "roas": 5,
    "profit": 51995
  },
  {
    "campaign_id": "CAMP1081",
    "platform": "facebook",
    "start_date": "2025-09-03",
    "end_date": "2025-09-28",
    "target_zip": "07302",
    "target_demographic": "25-34",
    "ad_creative_id": "CREATIVE932",
    "impressions": 40888,
    "clicks": 728,
    "leads": 149,
    "appointments_booked": 75,
    "appointments_completed": 56,
    "total_spend": 10050,
    "total_revenue": 22400,
    "cpl": 67,
    "cpa": 179,
    "roas": 2.23,
    "profit": 12350
  },
  {
    "campaign_id": "CAMP1082",
    "platform": "organic",
    "start_date": "2025-08-28",
    "end_date": "2025-09-27",
    "target_zip": "11211",
    "target_demographic": "45-54",
    "ad_creative_id": "CREATIVE234",
    "impressions": 44375,
    "clicks": 2175,
    "leads": 683,
    "appointments_booked": 342,
    "appointments_completed": 257,
    "total_spend": 0,
    "total_revenue": 102800,
    "cpl": 0,
    "cpa": 0,
    "roas": 0,
    "profit": 102800
  },
  {
    "campaign_id": "CAMP1083",
    "platform": "email",
    "start_date": "2025-08-15",
    "end_date": "2025-09-08",
    "target_zip": "10453",
    "target_demographic": "45-54",
    "ad_creative_id": "CREATIVE117",
    "impressions": 13720,
    "clicks": 341,
    "leads": 121,
    "appointments_booked": 61,
    "appointments_completed": 46,
    "total_spend": 656,
    "total_revenue": 18400,
    "cpl": 5,
    "cpa": 14,
    "roas": 28.07,
    "profit": 17744
  },
  {
    "campaign_id": "CAMP1084",
    "platform": "instagram",
    "start_date": "2025-07-17",
    "end_date": "2025-09-24",
    "target_zip": "90210",
    "target_demographic": "25-34",
    "ad_creative_id": "CREATIVE443",
    "impressions": 10534,
    "clicks": 415,
    "leads": 65,
    "appointments_booked": 46,
    "appointments_completed": 41,
    "total_spend": 8203,
    "total_revenue": 26650,
    "cpl": 126,
    "cpa": 200,
    "roas": 3.25,
    "profit": 18447
  },
  {
    "campaign_id": "CAMP1085",
    "platform": "referral",
    "start_date": "2025-07-23",
    "end_date": "2025-09-18",
    "target_zip": "10021",
    "target_demographic": "25-34",
    "ad_creative_id": "CREATIVE721",
    "impressions": 20683,
    "clicks": 685,
    "leads": 341,
    "appointments_booked": 239,
    "appointments_completed": 215,
    "total_spend": 0,
    "total_revenue": 139750,
    "cpl": 0,
    "cpa": 0,
    "roas": 0,
    "profit": 139750
  },
  {
    "campaign_id": "CAMP1086",
    "platform": "tiktok",
    "start_date": "2025-07-24",
    "end_date": "2025-09-18",
    "target_zip": "11101",
    "target_demographic": "35-44",
    "ad_creative_id": "CREATIVE371",
    "impressions": 7326,
    "clicks": 274,
    "leads": 31,
    "appointments_booked": 16,
    "appointments_completed": 12,
    "total_spend": 3270,
    "total_revenue": 4800,
    "cpl": 105,
    "cpa": 273,
    "roas": 1.47,
    "profit": 1530
  },
  {
    "campaign_id": "CAMP1087",
    "platform": "organic",
    "start_date": "2025-09-11",
    "end_date": "2025-09-04",
    "target_zip": "11211",
    "target_demographic": "55+",
    "ad_creative_id": "CREATIVE824",
    "impressions": 47430,
    "clicks": 1211,
    "leads": 342,
    "appointments_booked": 171,
    "appointments_completed": 128,
    "total_spend": 0,
    "total_revenue": 51200,
    "cpl": 0,
    "cpa": 0,
    "roas": 0,
    "profit": 51200
  },
  {
    "campaign_id": "CAMP1088",
    "platform": "referral",
    "start_date": "2025-09-24",
    "end_date": "2025-09-28",
    "target_zip": "11030",
    "target_demographic": "45-54",
    "ad_creative_id": "CREATIVE681",
    "impressions": 37016,
    "clicks": 747,
    "leads": 319,
    "appointments_booked": 223,
    "appointments_completed": 201,
    "total_spend": 0,
    "total_revenue": 130650,
    "cpl": 0,
    "cpa": 0,
    "roas": 0,
    "profit": 130650
  },
  {
    "campaign_id": "CAMP1089",
    "platform": "tiktok",
    "start_date": "2025-07-30",
    "end_date": "2025-09-20",
    "target_zip": "11030",
    "target_demographic": "45-54",
    "ad_creative_id": "CREATIVE163",
    "impressions": 15008,
    "clicks": 567,
    "leads": 52,
    "appointments_booked": 36,
    "appointments_completed": 32,
    "total_spend": 7155,
    "total_revenue": 20800,
    "cpl": 138,
    "cpa": 224,
    "roas": 2.91,
    "profit": 13645
  },
  {
    "campaign_id": "CAMP1090",
    "platform": "tiktok",
    "start_date": "2025-09-08",
    "end_date": "2025-09-25",
    "target_zip": "11211",
    "target_demographic": "45-54",
    "ad_creative_id": "CREATIVE530",
    "impressions": 19364,
    "clicks": 750,
    "leads": 72,
    "appointments_booked": 36,
    "appointments_completed": 27,
    "total_spend": 9718,
    "total_revenue": 10800,
    "cpl": 135,
    "cpa": 360,
    "roas": 1.11,
    "profit": 1082
  },
  {
    "campaign_id": "CAMP1091",
    "platform": "email",
    "start_date": "2025-07-24",
    "end_date": "2025-09-21",
    "target_zip": "07302",
    "target_demographic": "25-34",
    "ad_creative_id": "CREATIVE517",
    "impressions": 4391,
    "clicks": 116,
    "leads": 43,
    "appointments_booked": 22,
    "appointments_completed": 17,
    "total_spend": 224,
    "total_revenue": 6800,
    "cpl": 5,
    "cpa": 13,
    "roas": 30.32,
    "profit": 6576
  },
  {
    "campaign_id": "CAMP1092",
    "platform": "email",
    "start_date": "2025-08-05",
    "end_date": "2025-09-02",
    "target_zip": "07302",
    "target_demographic": "45-54",
    "ad_creative_id": "CREATIVE647",
    "impressions": 47628,
    "clicks": 2341,
    "leads": 846,
    "appointments_booked": 423,
    "appointments_completed": 317,
    "total_spend": 4554,
    "total_revenue": 126800,
    "cpl": 5,
    "cpa": 14,
    "roas": 27.84,
    "profit": 122246
  },
  {
    "campaign_id": "CAMP1093",
    "platform": "organic",
    "start_date": "2025-07-19",
    "end_date": "2025-09-02",
    "target_zip": "10021",
    "target_demographic": "45-54",
    "ad_creative_id": "CREATIVE230",
    "impressions": 14403,
    "clicks": 640,
    "leads": 209,
    "appointments_booked": 146,
    "appointments_completed": 131,
    "total_spend": 0,
    "total_revenue": 85150,
    "cpl": 0,
    "cpa": 0,
    "roas": 0,
    "profit": 85150
  },
  {
    "campaign_id": "CAMP1094",
    "platform": "organic",
    "start_date": "2025-08-14",
    "end_date": "2025-09-07",
    "target_zip": "10021",
    "target_demographic": "45-54",
    "ad_creative_id": "CREATIVE631",
    "impressions": 13906,
    "clicks": 561,
    "leads": 196,
    "appointments_booked": 137,
    "appointments_completed": 123,
    "total_spend": 0,
    "total_revenue": 79950,
    "cpl": 0,
    "cpa": 0,
    "roas": 0,
    "profit": 79950
  },
  {
    "campaign_id": "CAMP1095",
    "platform": "facebook",
    "start_date": "2025-08-06",
    "end_date": "2025-09-27",
    "target_zip": "90210",
    "target_demographic": "55+",
    "ad_creative_id": "CREATIVE930",
    "impressions": 7452,
    "clicks": 360,
    "leads": 54,
    "appointments_booked": 38,
    "appointments_completed": 34,
    "total_spend": 5677,
    "total_revenue": 22100,
    "cpl": 105,
    "cpa": 167,
    "roas": 3.89,
    "profit": 16423
  },
  {
    "campaign_id": "CAMP1096",
    "platform": "facebook",
    "start_date": "2025-07-31",
    "end_date": "2025-09-23",
    "target_zip": "11101",
    "target_demographic": "25-34",
    "ad_creative_id": "CREATIVE370",
    "impressions": 37193,
    "clicks": 1300,
    "leads": 195,
    "appointments_booked": 98,
    "appointments_completed": 74,
    "total_spend": 19379,
    "total_revenue": 29600,
    "cpl": 99,
    "cpa": 262,
    "roas": 1.53,
    "profit": 10221
  },
  {
    "campaign_id": "CAMP1097",
    "platform": "instagram",
    "start_date": "2025-09-16",
    "end_date": "2025-09-23",
    "target_zip": "11030",
    "target_demographic": "25-34",
    "ad_creative_id": "CREATIVE608",
    "impressions": 17202,
    "clicks": 581,
    "leads": 78,
    "appointments_booked": 55,
    "appointments_completed": 50,
    "total_spend": 9783,
    "total_revenue": 32500,
    "cpl": 125,
    "cpa": 196,
    "roas": 3.32,
    "profit": 22717
  },
  {
    "campaign_id": "CAMP1098",
    "platform": "referral",
    "start_date": "2025-07-22",
    "end_date": "2025-09-06",
    "target_zip": "11101",
    "target_demographic": "45-54",
    "ad_creative_id": "CREATIVE690",
    "impressions": 46340,
    "clicks": 1875,
    "leads": 695,
    "appointments_booked": 348,
    "appointments_completed": 261,
    "total_spend": 0,
    "total_revenue": 104400,
    "cpl": 0,
    "cpa": 0,
    "roas": 0,
    "profit": 104400
  },
  {
    "campaign_id": "CAMP1099",
    "platform": "tiktok",
    "start_date": "2025-08-08",
    "end_date": "2025-09-07",
    "target_zip": "11101",
    "target_demographic": "25-34",
    "ad_creative_id": "CREATIVE438",
    "impressions": 48977,
    "clicks": 1123,
    "leads": 107,
    "appointments_booked": 54,
    "appointments_completed": 41,
    "total_spend": 13038,
    "total_revenue": 16400,
    "cpl": 122,
    "cpa": 318,
    "roas": 1.26,
    "profit": 3362
  },
  {
    "campaign_id": "CAMP1100",
    "platform": "google",
    "start_date": "2025-09-27",
    "end_date": "2025-09-17",
    "target_zip": "07302",
    "target_demographic": "45-54",
    "ad_creative_id": "CREATIVE180",
    "impressions": 6509,
    "clicks": 161,
    "leads": 39,
    "appointments_booked": 20,
    "appointments_completed": 15,
    "total_spend": 4065,
    "total_revenue": 6000,
    "cpl": 104,
    "cpa": 271,
    "roas": 1.48,
    "profit": 1935
  },
  {
    "campaign_id": "CAMP1101",
    "platform": "instagram",
    "start_date": "2025-07-29",
    "end_date": "2025-09-14",
    "target_zip": "11101",
    "target_demographic": "35-44",
    "ad_creative_id": "CREATIVE297",
    "impressions": 31000,
    "clicks": 1059,
    "leads": 181,
    "appointments_booked": 91,
    "appointments_completed": 68,
    "total_spend": 19014,
    "total_revenue": 27200,
    "cpl": 105,
    "cpa": 280,
    "roas": 1.43,
    "profit": 8186
  },
  {
    "campaign_id": "CAMP1102",
    "platform": "google",
    "start_date": "2025-07-13",
    "end_date": "2025-09-13",
    "target_zip": "11211",
    "target_demographic": "45-54",
    "ad_creative_id": "CREATIVE640",
    "impressions": 4936,
    "clicks": 243,
    "leads": 45,
    "appointments_booked": 23,
    "appointments_completed": 17,
    "total_spend": 5923,
    "total_revenue": 6800,
    "cpl": 132,
    "cpa": 348,
    "roas": 1.15,
    "profit": 877
  },
  {
    "campaign_id": "CAMP1103",
    "platform": "instagram",
    "start_date": "2025-09-17",
    "end_date": "2025-09-19",
    "target_zip": "10021",
    "target_demographic": "35-44",
    "ad_creative_id": "CREATIVE176",
    "impressions": 34790,
    "clicks": 764,
    "leads": 92,
    "appointments_booked": 64,
    "appointments_completed": 58,
    "total_spend": 14809,
    "total_revenue": 37700,
    "cpl": 161,
    "cpa": 255,
    "roas": 2.55,
    "profit": 22891
  },
  {
    "campaign_id": "CAMP1104",
    "platform": "tiktok",
    "start_date": "2025-08-20",
    "end_date": "2025-09-21",
    "target_zip": "10453",
    "target_demographic": "45-54",
    "ad_creative_id": "CREATIVE139",
    "impressions": 42237,
    "clicks": 1595,
    "leads": 145,
    "appointments_booked": 73,
    "appointments_completed": 55,
    "total_spend": 20287,
    "total_revenue": 22000,
    "cpl": 140,
    "cpa": 369,
    "roas": 1.08,
    "profit": 1713
  },
  {
    "campaign_id": "CAMP1105",
    "platform": "instagram",
    "start_date": "2025-09-05",
    "end_date": "2025-09-14",
    "target_zip": "90210",
    "target_demographic": "45-54",
    "ad_creative_id": "CREATIVE955",
    "impressions": 22571,
    "clicks": 510,
    "leads": 90,
    "appointments_booked": 63,
    "appointments_completed": 57,
    "total_spend": 9537,
    "total_revenue": 37050,
    "cpl": 106,
    "cpa": 167,
    "roas": 3.88,
    "profit": 27513
  },
  {
    "campaign_id": "CAMP1106",
    "platform": "organic",
    "start_date": "2025-07-29",
    "end_date": "2025-09-13",
    "target_zip": "90210",
    "target_demographic": "25-34",
    "ad_creative_id": "CREATIVE644",
    "impressions": 42739,
    "clicks": 1495,
    "leads": 486,
    "appointments_booked": 340,
    "appointments_completed": 306,
    "total_spend": 0,
    "total_revenue": 198900,
    "cpl": 0,
    "cpa": 0,
    "roas": 0,
    "profit": 198900
  },
  {
    "campaign_id": "CAMP1107",
    "platform": "facebook",
    "start_date": "2025-09-17",
    "end_date": "2025-09-15",
    "target_zip": "90210",
    "target_demographic": "45-54",
    "ad_creative_id": "CREATIVE563",
    "impressions": 21363,
    "clicks": 472,
    "leads": 68,
    "appointments_booked": 48,
    "appointments_completed": 43,
    "total_spend": 6828,
    "total_revenue": 27950,
    "cpl": 100,
    "cpa": 159,
    "roas": 4.09,
    "profit": 21122
  },
  {
    "campaign_id": "CAMP1108",
    "platform": "facebook",
    "start_date": "2025-07-02",
    "end_date": "2025-09-27",
    "target_zip": "90210",
    "target_demographic": "35-44",
    "ad_creative_id": "CREATIVE432",
    "impressions": 29841,
    "clicks": 493,
    "leads": 94,
    "appointments_booked": 66,
    "appointments_completed": 59,
    "total_spend": 7899,
    "total_revenue": 38350,
    "cpl": 84,
    "cpa": 134,
    "roas": 4.85,
    "profit": 30451
  },
  {
    "campaign_id": "CAMP1109",
    "platform": "email",
    "start_date": "2025-09-21",
    "end_date": "2025-09-02",
    "target_zip": "10021",
    "target_demographic": "45-54",
    "ad_creative_id": "CREATIVE839",
    "impressions": 3570,
    "clicks": 95,
    "leads": 32,
    "appointments_booked": 22,
    "appointments_completed": 20,
    "total_spend": 190,
    "total_revenue": 13000,
    "cpl": 6,
    "cpa": 10,
    "roas": 68.36,
    "profit": 12810
  },
  {
    "campaign_id": "CAMP1110",
    "platform": "instagram",
    "start_date": "2025-07-09",
    "end_date": "2025-09-04",
    "target_zip": "11030",
    "target_demographic": "25-34",
    "ad_creative_id": "CREATIVE353",
    "impressions": 17914,
    "clicks": 881,
    "leads": 142,
    "appointments_booked": 99,
    "appointments_completed": 89,
    "total_spend": 16057,
    "total_revenue": 57850,
    "cpl": 113,
    "cpa": 180,
    "roas": 3.6,
    "profit": 41793
  },
  {
    "campaign_id": "CAMP1111",
    "platform": "facebook",
    "start_date": "2025-08-03",
    "end_date": "2025-09-25",
    "target_zip": "10453",
    "target_demographic": "45-54",
    "ad_creative_id": "CREATIVE314",
    "impressions": 43942,
    "clicks": 1624,
    "leads": 315,
    "appointments_booked": 158,
    "appointments_completed": 119,
    "total_spend": 23390,
    "total_revenue": 47600,
    "cpl": 74,
    "cpa": 197,
    "roas": 2.04,
    "profit": 24210
  },
  {
    "campaign_id": "CAMP1112",
    "platform": "google",
    "start_date": "2025-09-06",
    "end_date": "2025-09-25",
    "target_zip": "07302",
    "target_demographic": "45-54",
    "ad_creative_id": "CREATIVE626",
    "impressions": 44489,
    "clicks": 1202,
    "leads": 260,
    "appointments_booked": 130,
    "appointments_completed": 98,
    "total_spend": 29200,
    "total_revenue": 39200,
    "cpl": 112,
    "cpa": 298,
    "roas": 1.34,
    "profit": 10000
  },
  {
    "campaign_id": "CAMP1113",
    "platform": "google",
    "start_date": "2025-08-25",
    "end_date": "2025-09-05",
    "target_zip": "11211",
    "target_demographic": "55+",
    "ad_creative_id": "CREATIVE921",
    "impressions": 22553,
    "clicks": 1029,
    "leads": 267,
    "appointments_booked": 134,
    "appointments_completed": 101,
    "total_spend": 26014,
    "total_revenue": 40400,
    "cpl": 97,
    "cpa": 258,
    "roas": 1.55,
    "profit": 14386
  },
  {
    "campaign_id": "CAMP1114",
    "platform": "instagram",
    "start_date": "2025-07-23",
    "end_date": "2025-09-13",
    "target_zip": "11101",
    "target_demographic": "45-54",
    "ad_creative_id": "CREATIVE346",
    "impressions": 30891,
    "clicks": 1048,
    "leads": 185,
    "appointments_booked": 93,
    "appointments_completed": 70,
    "total_spend": 19328,
    "total_revenue": 28000,
    "cpl": 104,
    "cpa": 276,
    "roas": 1.45,
    "profit": 8672
  },
  {
    "campaign_id": "CAMP1115",
    "platform": "instagram",
    "start_date": "2025-08-31",
    "end_date": "2025-09-14",
    "target_zip": "90210",
    "target_demographic": "55+",
    "ad_creative_id": "CREATIVE827",
    "impressions": 18209,
    "clicks": 324,
    "leads": 45,
    "appointments_booked": 31,
    "appointments_completed": 28,
    "total_spend": 6108,
    "total_revenue": 18200,
    "cpl": 136,
    "cpa": 218,
    "roas": 2.98,
    "profit": 12092
  },
  {
    "campaign_id": "CAMP1116",
    "platform": "email",
    "start_date": "2025-08-11",
    "end_date": "2025-09-12",
    "target_zip": "11211",
    "target_demographic": "25-34",
    "ad_creative_id": "CREATIVE257",
    "impressions": 5024,
    "clicks": 120,
    "leads": 41,
    "appointments_booked": 21,
    "appointments_completed": 16,
    "total_spend": 263,
    "total_revenue": 6400,
    "cpl": 6,
    "cpa": 16,
    "roas": 24.29,
    "profit": 6137
  },
  {
    "campaign_id": "CAMP1117",
    "platform": "google",
    "start_date": "2025-09-10",
    "end_date": "2025-09-17",
    "target_zip": "11211",
    "target_demographic": "55+",
    "ad_creative_id": "CREATIVE700",
    "impressions": 32687,
    "clicks": 836,
    "leads": 195,
    "appointments_booked": 98,
    "appointments_completed": 74,
    "total_spend": 22520,
    "total_revenue": 29600,
    "cpl": 115,
    "cpa": 304,
    "roas": 1.31,
    "profit": 7080
  },
  {
    "campaign_id": "CAMP1118",
    "platform": "organic",
    "start_date": "2025-08-16",
    "end_date": "2025-09-12",
    "target_zip": "10453",
    "target_demographic": "35-44",
    "ad_creative_id": "CREATIVE285",
    "impressions": 9758,
    "clicks": 172,
    "leads": 54,
    "appointments_booked": 27,
    "appointments_completed": 20,
    "total_spend": 0,
    "total_revenue": 8000,
    "cpl": 0,
    "cpa": 0,
    "roas": 0,
    "profit": 8000
  },
  {
    "campaign_id": "CAMP1119",
    "platform": "tiktok",
    "start_date": "2025-09-22",
    "end_date": "2025-09-13",
    "target_zip": "07302",
    "target_demographic": "45-54",
    "ad_creative_id": "CREATIVE391",
    "impressions": 38121,
    "clicks": 1614,
    "leads": 169,
    "appointments_booked": 85,
    "appointments_completed": 64,
    "total_spend": 17769,
    "total_revenue": 25600,
    "cpl": 105,
    "cpa": 278,
    "roas": 1.44,
    "profit": 7831
  },
  {
    "campaign_id": "CAMP1120",
    "platform": "facebook",
    "start_date": "2025-09-09",
    "end_date": "2025-09-21",
    "target_zip": "07302",
    "target_demographic": "55+",
    "ad_creative_id": "CREATIVE309",
    "impressions": 17091,
    "clicks": 329,
    "leads": 68,
    "appointments_booked": 34,
    "appointments_completed": 26,
    "total_spend": 4617,
    "total_revenue": 10400,
    "cpl": 68,
    "cpa": 178,
    "roas": 2.25,
    "profit": 5783
  },
  {
    "campaign_id": "CAMP1121",
    "platform": "tiktok",
    "start_date": "2025-09-15",
    "end_date": "2025-09-23",
    "target_zip": "10453",
    "target_demographic": "35-44",
    "ad_creative_id": "CREATIVE327",
    "impressions": 47247,
    "clicks": 1506,
    "leads": 127,
    "appointments_booked": 64,
    "appointments_completed": 48,
    "total_spend": 18991,
    "total_revenue": 19200,
    "cpl": 150,
    "cpa": 396,
    "roas": 1.01,
    "profit": 209
  },
  {
    "campaign_id": "CAMP1122",
    "platform": "facebook",
    "start_date": "2025-08-25",
    "end_date": "2025-09-19",
    "target_zip": "90210",
    "target_demographic": "25-34",
    "ad_creative_id": "CREATIVE683",
    "impressions": 28391,
    "clicks": 1244,
    "leads": 229,
    "appointments_booked": 160,
    "appointments_completed": 144,
    "total_spend": 19882,
    "total_revenue": 93600,
    "cpl": 87,
    "cpa": 138,
    "roas": 4.71,
    "profit": 73718
  },
  {
    "campaign_id": "CAMP1123",
    "platform": "tiktok",
    "start_date": "2025-07-21",
    "end_date": "2025-09-26",
    "target_zip": "07302",
    "target_demographic": "35-44",
    "ad_creative_id": "CREATIVE775",
    "impressions": 15647,
    "clicks": 779,
    "leads": 92,
    "appointments_booked": 46,
    "appointments_completed": 35,
    "total_spend": 9854,
    "total_revenue": 14000,
    "cpl": 107,
    "cpa": 282,
    "roas": 1.42,
    "profit": 4146
  },
  {
    "campaign_id": "CAMP1124",
    "platform": "email",
    "start_date": "2025-09-08",
    "end_date": "2025-09-15",
    "target_zip": "10021",
    "target_demographic": "35-44",
    "ad_creative_id": "CREATIVE615",
    "impressions": 15798,
    "clicks": 494,
    "leads": 192,
    "appointments_booked": 134,
    "appointments_completed": 121,
    "total_spend": 952,
    "total_revenue": 78650,
    "cpl": 5,
    "cpa": 8,
    "roas": 82.6,
    "profit": 77698
  },
  {
    "campaign_id": "CAMP1125",
    "platform": "google",
    "start_date": "2025-08-28",
    "end_date": "2025-09-27",
    "target_zip": "10021",
    "target_demographic": "55+",
    "ad_creative_id": "CREATIVE337",
    "impressions": 28689,
    "clicks": 1097,
    "leads": 276,
    "appointments_booked": 193,
    "appointments_completed": 174,
    "total_spend": 25976,
    "total_revenue": 113100,
    "cpl": 94,
    "cpa": 149,
    "roas": 4.35,
    "profit": 87124
  },
  {
    "campaign_id": "CAMP1126",
    "platform": "tiktok",
    "start_date": "2025-08-16",
    "end_date": "2025-09-24",
    "target_zip": "11211",
    "target_demographic": "55+",
    "ad_creative_id": "CREATIVE659",
    "impressions": 19192,
    "clicks": 328,
    "leads": 32,
    "appointments_booked": 16,
    "appointments_completed": 12,
    "total_spend": 3666,
    "total_revenue": 4800,
    "cpl": 115,
    "cpa": 306,
    "roas": 1.31,
    "profit": 1134
  },
  {
    "campaign_id": "CAMP1127",
    "platform": "email",
    "start_date": "2025-08-30",
    "end_date": "2025-09-14",
    "target_zip": "11211",
    "target_demographic": "55+",
    "ad_creative_id": "CREATIVE883",
    "impressions": 27233,
    "clicks": 876,
    "leads": 329,
    "appointments_booked": 165,
    "appointments_completed": 124,
    "total_spend": 1594,
    "total_revenue": 49600,
    "cpl": 5,
    "cpa": 13,
    "roas": 31.12,
    "profit": 48006
  },
  {
    "campaign_id": "CAMP1128",
    "platform": "instagram",
    "start_date": "2025-09-20",
    "end_date": "2025-08-31",
    "target_zip": "90210",
    "target_demographic": "25-34",
    "ad_creative_id": "CREATIVE461",
    "impressions": 44304,
    "clicks": 779,
    "leads": 123,
    "appointments_booked": 86,
    "appointments_completed": 77,
    "total_spend": 14136,
    "total_revenue": 50050,
    "cpl": 115,
    "cpa": 184,
    "roas": 3.54,
    "profit": 35914
  },
  {
    "campaign_id": "CAMP1129",
    "platform": "facebook",
    "start_date": "2025-08-22",
    "end_date": "2025-09-20",
    "target_zip": "11030",
    "target_demographic": "25-34",
    "ad_creative_id": "CREATIVE937",
    "impressions": 48005,
    "clicks": 1137,
    "leads": 192,
    "appointments_booked": 134,
    "appointments_completed": 121,
    "total_spend": 16878,
    "total_revenue": 78650,
    "cpl": 88,
    "cpa": 139,
    "roas": 4.66,
    "profit": 61772
  },
  {
    "campaign_id": "CAMP1130",
    "platform": "facebook",
    "start_date": "2025-09-19",
    "end_date": "2025-09-17",
    "target_zip": "11211",
    "target_demographic": "55+",
    "ad_creative_id": "CREATIVE728",
    "impressions": 8956,
    "clicks": 318,
    "leads": 52,
    "appointments_booked": 26,
    "appointments_completed": 20,
    "total_spend": 5231,
    "total_revenue": 8000,
    "cpl": 101,
    "cpa": 262,
    "roas": 1.53,
    "profit": 2769
  },
  {
    "campaign_id": "CAMP1131",
    "platform": "instagram",
    "start_date": "2025-08-12",
    "end_date": "2025-09-19",
    "target_zip": "90210",
    "target_demographic": "55+",
    "ad_creative_id": "CREATIVE770",
    "impressions": 12876,
    "clicks": 337,
    "leads": 41,
    "appointments_booked": 29,
    "appointments_completed": 26,
    "total_spend": 6303,
    "total_revenue": 16900,
    "cpl": 154,
    "cpa": 242,
    "roas": 2.68,
    "profit": 10597
  },
  {
    "campaign_id": "CAMP1132",
    "platform": "facebook",
    "start_date": "2025-08-05",
    "end_date": "2025-09-30",
    "target_zip": "07302",
    "target_demographic": "45-54",
    "ad_creative_id": "CREATIVE256",
    "impressions": 35028,
    "clicks": 1682,
    "leads": 350,
    "appointments_booked": 175,
    "appointments_completed": 131,
    "total_spend": 24779,
    "total_revenue": 52400,
    "cpl": 71,
    "cpa": 189,
    "roas": 2.11,
    "profit": 27621
  },
  {
    "campaign_id": "CAMP1133",
    "platform": "google",
    "start_date": "2025-09-03",
    "end_date": "2025-09-02",
    "target_zip": "10021",
    "target_demographic": "45-54",
    "ad_creative_id": "CREATIVE328",
    "impressions": 46297,
    "clicks": 2894,
    "leads": 537,
    "appointments_booked": 376,
    "appointments_completed": 338,
    "total_spend": 75134,
    "total_revenue": 219700,
    "cpl": 140,
    "cpa": 222,
    "roas": 2.92,
    "profit": 144566
  },
  {
    "campaign_id": "CAMP1134",
    "platform": "instagram",
    "start_date": "2025-09-06",
    "end_date": "2025-09-27",
    "target_zip": "10021",
    "target_demographic": "45-54",
    "ad_creative_id": "CREATIVE918",
    "impressions": 16715,
    "clicks": 282,
    "leads": 45,
    "appointments_booked": 31,
    "appointments_completed": 28,
    "total_spend": 4886,
    "total_revenue": 18200,
    "cpl": 109,
    "cpa": 174,
    "roas": 3.73,
    "profit": 13314
  },
  {
    "campaign_id": "CAMP1135",
    "platform": "facebook",
    "start_date": "2025-07-07",
    "end_date": "2025-09-12",
    "target_zip": "10021",
    "target_demographic": "45-54",
    "ad_creative_id": "CREATIVE296",
    "impressions": 10207,
    "clicks": 231,
    "leads": 35,
    "appointments_booked": 25,
    "appointments_completed": 23,
    "total_spend": 3635,
    "total_revenue": 14950,
    "cpl": 104,
    "cpa": 158,
    "roas": 4.11,
    "profit": 11315
  },
  {
    "campaign_id": "CAMP1136",
    "platform": "google",
    "start_date": "2025-09-01",
    "end_date": "2025-09-20",
    "target_zip": "07302",
    "target_demographic": "35-44",
    "ad_creative_id": "CREATIVE417",
    "impressions": 14868,
    "clicks": 609,
    "leads": 119,
    "appointments_booked": 60,
    "appointments_completed": 45,
    "total_spend": 15795,
    "total_revenue": 18000,
    "cpl": 133,
    "cpa": 351,
    "roas": 1.14,
    "profit": 2205
  },
  {
    "campaign_id": "CAMP1137",
    "platform": "organic",
    "start_date": "2025-08-25",
    "end_date": "2025-09-24",
    "target_zip": "11101",
    "target_demographic": "55+",
    "ad_creative_id": "CREATIVE786",
    "impressions": 17167,
    "clicks": 461,
    "leads": 115,
    "appointments_booked": 58,
    "appointments_completed": 44,
    "total_spend": 0,
    "total_revenue": 17600,
    "cpl": 0,
    "cpa": 0,
    "roas": 0,
    "profit": 17600
  },
  {
    "campaign_id": "CAMP1138",
    "platform": "facebook",
    "start_date": "2025-09-10",
    "end_date": "2025-09-22",
    "target_zip": "11211",
    "target_demographic": "45-54",
    "ad_creative_id": "CREATIVE404",
    "impressions": 31587,
    "clicks": 381,
    "leads": 67,
    "appointments_booked": 34,
    "appointments_completed": 26,
    "total_spend": 6020,
    "total_revenue": 10400,
    "cpl": 90,
    "cpa": 232,
    "roas": 1.73,
    "profit": 4380
  },
  {
    "campaign_id": "CAMP1139",
    "platform": "tiktok",
    "start_date": "2025-08-07",
    "end_date": "2025-09-14",
    "target_zip": "11030",
    "target_demographic": "25-34",
    "ad_creative_id": "CREATIVE622",
    "impressions": 45375,
    "clicks": 1038,
    "leads": 105,
    "appointments_booked": 74,
    "appointments_completed": 67,
    "total_spend": 13131,
    "total_revenue": 43550,
    "cpl": 125,
    "cpa": 196,
    "roas": 3.32,
    "profit": 30419
  },
  {
    "campaign_id": "CAMP1140",
    "platform": "google",
    "start_date": "2025-09-02",
    "end_date": "2025-09-23",
    "target_zip": "07302",
    "target_demographic": "45-54",
    "ad_creative_id": "CREATIVE677",
    "impressions": 34180,
    "clicks": 1028,
    "leads": 268,
    "appointments_booked": 134,
    "appointments_completed": 101,
    "total_spend": 28171,
    "total_revenue": 40400,
    "cpl": 105,
    "cpa": 279,
    "roas": 1.43,
    "profit": 12229
  },
  {
    "campaign_id": "CAMP1141",
    "platform": "referral",
    "start_date": "2025-08-16",
    "end_date": "2025-09-27",
    "target_zip": "10021",
    "target_demographic": "25-34",
    "ad_creative_id": "CREATIVE244",
    "impressions": 22328,
    "clicks": 262,
    "leads": 115,
    "appointments_booked": 81,
    "appointments_completed": 73,
    "total_spend": 0,
    "total_revenue": 47450,
    "cpl": 0,
    "cpa": 0,
    "roas": 0,
    "profit": 47450
  },
  {
    "campaign_id": "CAMP1142",
    "platform": "referral",
    "start_date": "2025-08-25",
    "end_date": "2025-09-26",
    "target_zip": "07302",
    "target_demographic": "25-34",
    "ad_creative_id": "CREATIVE871",
    "impressions": 20376,
    "clicks": 815,
    "leads": 328,
    "appointments_booked": 164,
    "appointments_completed": 123,
    "total_spend": 0,
    "total_revenue": 49200,
    "cpl": 0,
    "cpa": 0,
    "roas": 0,
    "profit": 49200
  },
  {
    "campaign_id": "CAMP1143",
    "platform": "facebook",
    "start_date": "2025-09-29",
    "end_date": "2025-09-23",
    "target_zip": "11030",
    "target_demographic": "25-34",
    "ad_creative_id": "CREATIVE544",
    "impressions": 37254,
    "clicks": 494,
    "leads": 94,
    "appointments_booked": 66,
    "appointments_completed": 59,
    "total_spend": 7407,
    "total_revenue": 38350,
    "cpl": 79,
    "cpa": 126,
    "roas": 5.18,
    "profit": 30943
  },
  {
    "campaign_id": "CAMP1144",
    "platform": "organic",
    "start_date": "2025-09-04",
    "end_date": "2025-09-11",
    "target_zip": "90210",
    "target_demographic": "35-44",
    "ad_creative_id": "CREATIVE691",
    "impressions": 3847,
    "clicks": 158,
    "leads": 47,
    "appointments_booked": 33,
    "appointments_completed": 30,
    "total_spend": 0,
    "total_revenue": 19500,
    "cpl": 0,
    "cpa": 0,
    "roas": 0,
    "profit": 19500
  },
  {
    "campaign_id": "CAMP1145",
    "platform": "google",
    "start_date": "2025-07-28",
    "end_date": "2025-09-16",
    "target_zip": "90210",
    "target_demographic": "45-54",
    "ad_creative_id": "CREATIVE424",
    "impressions": 48720,
    "clicks": 1049,
    "leads": 193,
    "appointments_booked": 135,
    "appointments_completed": 122,
    "total_spend": 28105,
    "total_revenue": 79300,
    "cpl": 146,
    "cpa": 230,
    "roas": 2.82,
    "profit": 51195
  },
  {
    "campaign_id": "CAMP1146",
    "platform": "organic",
    "start_date": "2025-08-23",
    "end_date": "2025-09-25",
    "target_zip": "90210",
    "target_demographic": "25-34",
    "ad_creative_id": "CREATIVE794",
    "impressions": 3817,
    "clicks": 114,
    "leads": 34,
    "appointments_booked": 24,
    "appointments_completed": 22,
    "total_spend": 0,
    "total_revenue": 14300,
    "cpl": 0,
    "cpa": 0,
    "roas": 0,
    "profit": 14300
  },
  {
    "campaign_id": "CAMP1147",
    "platform": "facebook",
    "start_date": "2025-08-26",
    "end_date": "2025-09-18",
    "target_zip": "11211",
    "target_demographic": "35-44",
    "ad_creative_id": "CREATIVE409",
    "impressions": 5070,
    "clicks": 95,
    "leads": 17,
    "appointments_booked": 9,
    "appointments_completed": 7,
    "total_spend": 1418,
    "total_revenue": 2800,
    "cpl": 83,
    "cpa": 203,
    "roas": 1.97,
    "profit": 1382
  },
  {
    "campaign_id": "CAMP1148",
    "platform": "facebook",
    "start_date": "2025-09-26",
    "end_date": "2025-09-13",
    "target_zip": "10021",
    "target_demographic": "45-54",
    "ad_creative_id": "CREATIVE243",
    "impressions": 41781,
    "clicks": 750,
    "leads": 134,
    "appointments_booked": 94,
    "appointments_completed": 85,
    "total_spend": 11640,
    "total_revenue": 55250,
    "cpl": 87,
    "cpa": 137,
    "roas": 4.75,
    "profit": 43610
  },
  {
    "campaign_id": "CAMP1149",
    "platform": "email",
    "start_date": "2025-07-09",
    "end_date": "2025-08-31",
    "target_zip": "11030",
    "target_demographic": "55+",
    "ad_creative_id": "CREATIVE391",
    "impressions": 14487,
    "clicks": 344,
    "leads": 120,
    "appointments_booked": 84,
    "appointments_completed": 76,
    "total_spend": 661,
    "total_revenue": 49400,
    "cpl": 6,
    "cpa": 9,
    "roas": 74.72,
    "profit": 48739
  },
  {
    "campaign_id": "CAMP1150",
    "platform": "google",
    "start_date": "2025-08-22",
    "end_date": "2025-09-16",
    "target_zip": "11030",
    "target_demographic": "45-54",
    "ad_creative_id": "CREATIVE504",
    "impressions": 26282,
    "clicks": 1463,
    "leads": 369,
    "appointments_booked": 258,
    "appointments_completed": 232,
    "total_spend": 36653,
    "total_revenue": 150800,
    "cpl": 99,
    "cpa": 158,
    "roas": 4.11,
    "profit": 114147
  },
  {
    "campaign_id": "CAMP1151",
    "platform": "facebook",
    "start_date": "2025-07-18",
    "end_date": "2025-09-02",
    "target_zip": "11030",
    "target_demographic": "25-34",
    "ad_creative_id": "CREATIVE116",
    "impressions": 12956,
    "clicks": 155,
    "leads": 27,
    "appointments_booked": 19,
    "appointments_completed": 17,
    "total_spend": 2202,
    "total_revenue": 11050,
    "cpl": 82,
    "cpa": 130,
    "roas": 5.02,
    "profit": 8848
  },
  {
    "campaign_id": "CAMP1152",
    "platform": "referral",
    "start_date": "2025-08-14",
    "end_date": "2025-09-18",
    "target_zip": "11101",
    "target_demographic": "35-44",
    "ad_creative_id": "CREATIVE117",
    "impressions": 33557,
    "clicks": 556,
    "leads": 297,
    "appointments_booked": 149,
    "appointments_completed": 112,
    "total_spend": 0,
    "total_revenue": 44800,
    "cpl": 0,
    "cpa": 0,
    "roas": 0,
    "profit": 44800
  },
  {
    "campaign_id": "CAMP1153",
    "platform": "email",
    "start_date": "2025-08-17",
    "end_date": "2025-09-01",
    "target_zip": "11030",
    "target_demographic": "45-54",
    "ad_creative_id": "CREATIVE191",
    "impressions": 12407,
    "clicks": 523,
    "leads": 191,
    "appointments_booked": 134,
    "appointments_completed": 121,
    "total_spend": 1074,
    "total_revenue": 78650,
    "cpl": 6,
    "cpa": 9,
    "roas": 73.22,
    "profit": 77576
  },
  {
    "campaign_id": "CAMP1154",
    "platform": "google",
    "start_date": "2025-09-30",
    "end_date": "2025-09-13",
    "target_zip": "90210",
    "target_demographic": "55+",
    "ad_creative_id": "CREATIVE567",
    "impressions": 15025,
    "clicks": 347,
    "leads": 66,
    "appointments_booked": 46,
    "appointments_completed": 41,
    "total_spend": 8054,
    "total_revenue": 26650,
    "cpl": 122,
    "cpa": 196,
    "roas": 3.31,
    "profit": 18596
  },
  {
    "campaign_id": "CAMP1155",
    "platform": "email",
    "start_date": "2025-08-09",
    "end_date": "2025-09-20",
    "target_zip": "07302",
    "target_demographic": "45-54",
    "ad_creative_id": "CREATIVE505",
    "impressions": 12753,
    "clicks": 450,
    "leads": 185,
    "appointments_booked": 93,
    "appointments_completed": 70,
    "total_spend": 878,
    "total_revenue": 28000,
    "cpl": 5,
    "cpa": 13,
    "roas": 31.9,
    "profit": 27122
  },
  {
    "campaign_id": "CAMP1156",
    "platform": "instagram",
    "start_date": "2025-07-25",
    "end_date": "2025-09-06",
    "target_zip": "90210",
    "target_demographic": "45-54",
    "ad_creative_id": "CREATIVE112",
    "impressions": 31920,
    "clicks": 911,
    "leads": 144,
    "appointments_booked": 101,
    "appointments_completed": 91,
    "total_spend": 16823,
    "total_revenue": 59150,
    "cpl": 117,
    "cpa": 185,
    "roas": 3.52,
    "profit": 42327
  },
  {
    "campaign_id": "CAMP1157",
    "platform": "tiktok",
    "start_date": "2025-09-22",
    "end_date": "2025-09-29",
    "target_zip": "11030",
    "target_demographic": "45-54",
    "ad_creative_id": "CREATIVE550",
    "impressions": 11690,
    "clicks": 484,
    "leads": 49,
    "appointments_booked": 34,
    "appointments_completed": 31,
    "total_spend": 5701,
    "total_revenue": 20150,
    "cpl": 116,
    "cpa": 184,
    "roas": 3.53,
    "profit": 14449
  },
  {
    "campaign_id": "CAMP1158",
    "platform": "google",
    "start_date": "2025-08-13",
    "end_date": "2025-09-29",
    "target_zip": "90210",
    "target_demographic": "25-34",
    "ad_creative_id": "CREATIVE729",
    "impressions": 43933,
    "clicks": 1359,
    "leads": 275,
    "appointments_booked": 193,
    "appointments_completed": 174,
    "total_spend": 33938,
    "total_revenue": 113100,
    "cpl": 123,
    "cpa": 195,
    "roas": 3.33,
    "profit": 79162
  },
  {
    "campaign_id": "CAMP1159",
    "platform": "google",
    "start_date": "2025-08-20",
    "end_date": "2025-09-21",
    "target_zip": "07302",
    "target_demographic": "35-44",
    "ad_creative_id": "CREATIVE959",
    "impressions": 25144,
    "clicks": 1720,
    "leads": 352,
    "appointments_booked": 176,
    "appointments_completed": 132,
    "total_spend": 42011,
    "total_revenue": 52800,
    "cpl": 119,
    "cpa": 318,
    "roas": 1.26,
    "profit": 10789
  },
  {
    "campaign_id": "CAMP1160",
    "platform": "email",
    "start_date": "2025-07-15",
    "end_date": "2025-09-12",
    "target_zip": "10453",
    "target_demographic": "35-44",
    "ad_creative_id": "CREATIVE676",
    "impressions": 45461,
    "clicks": 1719,
    "leads": 558,
    "appointments_booked": 279,
    "appointments_completed": 209,
    "total_spend": 3538,
    "total_revenue": 83600,
    "cpl": 6,
    "cpa": 17,
    "roas": 23.63,
    "profit": 80062
  },
  {
    "campaign_id": "CAMP1161",
    "platform": "google",
    "start_date": "2025-08-29",
    "end_date": "2025-09-23",
    "target_zip": "07302",
    "target_demographic": "25-34",
    "ad_creative_id": "CREATIVE474",
    "impressions": 11238,
    "clicks": 391,
    "leads": 70,
    "appointments_booked": 35,
    "appointments_completed": 26,
    "total_spend": 9644,
    "total_revenue": 10400,
    "cpl": 138,
    "cpa": 371,
    "roas": 1.08,
    "profit": 756
  },
  {
    "campaign_id": "CAMP1162",
    "platform": "google",
    "start_date": "2025-09-07",
    "end_date": "2025-09-13",
    "target_zip": "10021",
    "target_demographic": "55+",
    "ad_creative_id": "CREATIVE503",
    "impressions": 5437,
    "clicks": 95,
    "leads": 17,
    "appointments_booked": 12,
    "appointments_completed": 11,
    "total_spend": 2208,
    "total_revenue": 7150,
    "cpl": 130,
    "cpa": 201,
    "roas": 3.24,
    "profit": 4942
  },
  {
    "campaign_id": "CAMP1163",
    "platform": "facebook",
    "start_date": "2025-09-14",
    "end_date": "2025-09-21",
    "target_zip": "90210",
    "target_demographic": "25-34",
    "ad_creative_id": "CREATIVE267",
    "impressions": 30996,
    "clicks": 1529,
    "leads": 319,
    "appointments_booked": 223,
    "appointments_completed": 201,
    "total_spend": 23630,
    "total_revenue": 130650,
    "cpl": 74,
    "cpa": 118,
    "roas": 5.53,
    "profit": 107020
  },
  {
    "campaign_id": "CAMP1164",
    "platform": "instagram",
    "start_date": "2025-08-16",
    "end_date": "2025-09-12",
    "target_zip": "11101",
    "target_demographic": "55+",
    "ad_creative_id": "CREATIVE196",
    "impressions": 42857,
    "clicks": 557,
    "leads": 87,
    "appointments_booked": 44,
    "appointments_completed": 33,
    "total_spend": 10140,
    "total_revenue": 13200,
    "cpl": 117,
    "cpa": 307,
    "roas": 1.3,
    "profit": 3060
  },
  {
    "campaign_id": "CAMP1165",
    "platform": "tiktok",
    "start_date": "2025-08-29",
    "end_date": "2025-09-08",
    "target_zip": "11101",
    "target_demographic": "45-54",
    "ad_creative_id": "CREATIVE812",
    "impressions": 41947,
    "clicks": 2044,
    "leads": 184,
    "appointments_booked": 92,
    "appointments_completed": 69,
    "total_spend": 23024,
    "total_revenue": 27600,
    "cpl": 125,
    "cpa": 334,
    "roas": 1.2,
    "profit": 4576
  },
  {
    "campaign_id": "CAMP1166",
    "platform": "referral",
    "start_date": "2025-07-04",
    "end_date": "2025-08-31",
    "target_zip": "10021",
    "target_demographic": "35-44",
    "ad_creative_id": "CREATIVE967",
    "impressions": 13874,
    "clicks": 350,
    "leads": 145,
    "appointments_booked": 102,
    "appointments_completed": 92,
    "total_spend": 0,
    "total_revenue": 59800,
    "cpl": 0,
    "cpa": 0,
    "roas": 0,
    "profit": 59800
  },
  {
    "campaign_id": "CAMP1167",
    "platform": "facebook",
    "start_date": "2025-08-02",
    "end_date": "2025-09-12",
    "target_zip": "90210",
    "target_demographic": "35-44",
    "ad_creative_id": "CREATIVE229",
    "impressions": 19765,
    "clicks": 312,
    "leads": 64,
    "appointments_booked": 45,
    "appointments_completed": 41,
    "total_spend": 5136,
    "total_revenue": 26650,
    "cpl": 80,
    "cpa": 125,
    "roas": 5.19,
    "profit": 21514
  },
  {
    "campaign_id": "CAMP1168",
    "platform": "google",
    "start_date": "2025-07-07",
    "end_date": "2025-09-05",
    "target_zip": "11211",
    "target_demographic": "55+",
    "ad_creative_id": "CREATIVE869",
    "impressions": 19251,
    "clicks": 1267,
    "leads": 247,
    "appointments_booked": 124,
    "appointments_completed": 93,
    "total_spend": 30688,
    "total_revenue": 37200,
    "cpl": 124,
    "cpa": 330,
    "roas": 1.21,
    "profit": 6512
  },
  {
    "campaign_id": "CAMP1169",
    "platform": "referral",
    "start_date": "2025-08-22",
    "end_date": "2025-09-15",
    "target_zip": "07302",
    "target_demographic": "25-34",
    "ad_creative_id": "CREATIVE666",
    "impressions": 30039,
    "clicks": 1456,
    "leads": 584,
    "appointments_booked": 292,
    "appointments_completed": 219,
    "total_spend": 0,
    "total_revenue": 87600,
    "cpl": 0,
    "cpa": 0,
    "roas": 0,
    "profit": 87600
  },
  {
    "campaign_id": "CAMP1170",
    "platform": "referral",
    "start_date": "2025-08-08",
    "end_date": "2025-09-11",
    "target_zip": "10453",
    "target_demographic": "35-44",
    "ad_creative_id": "CREATIVE366",
    "impressions": 11766,
    "clicks": 516,
    "leads": 210,
    "appointments_booked": 105,
    "appointments_completed": 79,
    "total_spend": 0,
    "total_revenue": 31600,
    "cpl": 0,
    "cpa": 0,
    "roas": 0,
    "profit": 31600
  },
  {
    "campaign_id": "CAMP1171",
    "platform": "organic",
    "start_date": "2025-07-30",
    "end_date": "2025-09-02",
    "target_zip": "10453",
    "target_demographic": "45-54",
    "ad_creative_id": "CREATIVE205",
    "impressions": 43206,
    "clicks": 1496,
    "leads": 521,
    "appointments_booked": 261,
    "appointments_completed": 196,
    "total_spend": 0,
    "total_revenue": 78400,
    "cpl": 0,
    "cpa": 0,
    "roas": 0,
    "profit": 78400
  },
  {
    "campaign_id": "CAMP1172",
    "platform": "email",
    "start_date": "2025-07-03",
    "end_date": "2025-09-07",
    "target_zip": "90210",
    "target_demographic": "35-44",
    "ad_creative_id": "CREATIVE548",
    "impressions": 26714,
    "clicks": 833,
    "leads": 295,
    "appointments_booked": 207,
    "appointments_completed": 186,
    "total_spend": 1738,
    "total_revenue": 120900,
    "cpl": 6,
    "cpa": 9,
    "roas": 69.58,
    "profit": 119162
  },
  {
    "campaign_id": "CAMP1173",
    "platform": "tiktok",
    "start_date": "2025-09-23",
    "end_date": "2025-09-23",
    "target_zip": "11030",
    "target_demographic": "35-44",
    "ad_creative_id": "CREATIVE433",
    "impressions": 41420,
    "clicks": 1699,
    "leads": 169,
    "appointments_booked": 118,
    "appointments_completed": 106,
    "total_spend": 21325,
    "total_revenue": 68900,
    "cpl": 126,
    "cpa": 201,
    "roas": 3.23,
    "profit": 47575
  },
  {
    "campaign_id": "CAMP1174",
    "platform": "email",
    "start_date": "2025-07-09",
    "end_date": "2025-09-29",
    "target_zip": "11030",
    "target_demographic": "35-44",
    "ad_creative_id": "CREATIVE216",
    "impressions": 10239,
    "clicks": 122,
    "leads": 37,
    "appointments_booked": 26,
    "appointments_completed": 23,
    "total_spend": 240,
    "total_revenue": 14950,
    "cpl": 6,
    "cpa": 10,
    "roas": 62.37,
    "profit": 14710
  },
  {
    "campaign_id": "CAMP1175",
    "platform": "email",
    "start_date": "2025-08-17",
    "end_date": "2025-09-04",
    "target_zip": "11211",
    "target_demographic": "45-54",
    "ad_creative_id": "CREATIVE465",
    "impressions": 48305,
    "clicks": 1922,
    "leads": 649,
    "appointments_booked": 325,
    "appointments_completed": 244,
    "total_spend": 3865,
    "total_revenue": 97600,
    "cpl": 6,
    "cpa": 16,
    "roas": 25.25,
    "profit": 93735
  },
  {
    "campaign_id": "CAMP1176",
    "platform": "email",
    "start_date": "2025-08-14",
    "end_date": "2025-08-31",
    "target_zip": "11030",
    "target_demographic": "55+",
    "ad_creative_id": "CREATIVE297",
    "impressions": 36769,
    "clicks": 1591,
    "leads": 506,
    "appointments_booked": 354,
    "appointments_completed": 319,
    "total_spend": 3483,
    "total_revenue": 207350,
    "cpl": 7,
    "cpa": 11,
    "roas": 59.53,
    "profit": 203867
  },
  {
    "campaign_id": "CAMP1177",
    "platform": "instagram",
    "start_date": "2025-09-17",
    "end_date": "2025-09-01",
    "target_zip": "10021",
    "target_demographic": "35-44",
    "ad_creative_id": "CREATIVE586",
    "impressions": 9421,
    "clicks": 100,
    "leads": 17,
    "appointments_booked": 12,
    "appointments_completed": 11,
    "total_spend": 1711,
    "total_revenue": 7150,
    "cpl": 101,
    "cpa": 156,
    "roas": 4.18,
    "profit": 5439
  },
  {
    "campaign_id": "CAMP1178",
    "platform": "email",
    "start_date": "2025-07-09",
    "end_date": "2025-09-27",
    "target_zip": "10021",
    "target_demographic": "45-54",
    "ad_creative_id": "CREATIVE722",
    "impressions": 41788,
    "clicks": 1413,
    "leads": 401,
    "appointments_booked": 281,
    "appointments_completed": 253,
    "total_spend": 3063,
    "total_revenue": 164450,
    "cpl": 8,
    "cpa": 12,
    "roas": 53.69,
    "profit": 161387
  },
  {
    "campaign_id": "CAMP1179",
    "platform": "instagram",
    "start_date": "2025-07-07",
    "end_date": "2025-09-15",
    "target_zip": "07302",
    "target_demographic": "25-34",
    "ad_creative_id": "CREATIVE503",
    "impressions": 42583,
    "clicks": 1466,
    "leads": 188,
    "appointments_booked": 94,
    "appointments_completed": 71,
    "total_spend": 24826,
    "total_revenue": 28400,
    "cpl": 132,
    "cpa": 350,
    "roas": 1.14,
    "profit": 3574
  },
  {
    "campaign_id": "CAMP1180",
    "platform": "email",
    "start_date": "2025-08-01",
    "end_date": "2025-09-08",
    "target_zip": "11211",
    "target_demographic": "55+",
    "ad_creative_id": "CREATIVE582",
    "impressions": 37941,
    "clicks": 772,
    "leads": 260,
    "appointments_booked": 130,
    "appointments_completed": 98,
    "total_spend": 1408,
    "total_revenue": 39200,
    "cpl": 5,
    "cpa": 14,
    "roas": 27.83,
    "profit": 37792
  },
  {
    "campaign_id": "CAMP1181",
    "platform": "instagram",
    "start_date": "2025-08-26",
    "end_date": "2025-09-22",
    "target_zip": "11101",
    "target_demographic": "45-54",
    "ad_creative_id": "CREATIVE290",
    "impressions": 29148,
    "clicks": 346,
    "leads": 48,
    "appointments_booked": 24,
    "appointments_completed": 18,
    "total_spend": 6745,
    "total_revenue": 7200,
    "cpl": 141,
    "cpa": 375,
    "roas": 1.07,
    "profit": 455
  },
  {
    "campaign_id": "CAMP1182",
    "platform": "referral",
    "start_date": "2025-07-19",
    "end_date": "2025-09-18",
    "target_zip": "11101",
    "target_demographic": "55+",
    "ad_creative_id": "CREATIVE547",
    "impressions": 24659,
    "clicks": 842,
    "leads": 346,
    "appointments_booked": 173,
    "appointments_completed": 130,
    "total_spend": 0,
    "total_revenue": 52000,
    "cpl": 0,
    "cpa": 0,
    "roas": 0,
    "profit": 52000
  },
  {
    "campaign_id": "CAMP1183",
    "platform": "instagram",
    "start_date": "2025-09-23",
    "end_date": "2025-09-18",
    "target_zip": "90210",
    "target_demographic": "55+",
    "ad_creative_id": "CREATIVE230",
    "impressions": 10332,
    "clicks": 495,
    "leads": 70,
    "appointments_booked": 49,
    "appointments_completed": 44,
    "total_spend": 9664,
    "total_revenue": 28600,
    "cpl": 138,
    "cpa": 220,
    "roas": 2.96,
    "profit": 18936
  },
  {
    "campaign_id": "CAMP1184",
    "platform": "organic",
    "start_date": "2025-09-05",
    "end_date": "2025-09-01",
    "target_zip": "10453",
    "target_demographic": "55+",
    "ad_creative_id": "CREATIVE685",
    "impressions": 2261,
    "clicks": 34,
    "leads": 11,
    "appointments_booked": 6,
    "appointments_completed": 5,
    "total_spend": 0,
    "total_revenue": 2000,
    "cpl": 0,
    "cpa": 0,
    "roas": 0,
    "profit": 2000
  },
  {
    "campaign_id": "CAMP1185",
    "platform": "instagram",
    "start_date": "2025-08-20",
    "end_date": "2025-09-28",
    "target_zip": "10021",
    "target_demographic": "35-44",
    "ad_creative_id": "CREATIVE536",
    "impressions": 14840,
    "clicks": 335,
    "leads": 55,
    "appointments_booked": 39,
    "appointments_completed": 35,
    "total_spend": 5467,
    "total_revenue": 22750,
    "cpl": 99,
    "cpa": 156,
    "roas": 4.16,
    "profit": 17283
  },
  {
    "campaign_id": "CAMP1186",
    "platform": "email",
    "start_date": "2025-07-10",
    "end_date": "2025-09-16",
    "target_zip": "11211",
    "target_demographic": "45-54",
    "ad_creative_id": "CREATIVE434",
    "impressions": 6308,
    "clicks": 203,
    "leads": 58,
    "appointments_booked": 29,
    "appointments_completed": 22,
    "total_spend": 368,
    "total_revenue": 8800,
    "cpl": 6,
    "cpa": 17,
    "roas": 23.93,
    "profit": 8432
  },
  {
    "campaign_id": "CAMP1187",
    "platform": "organic",
    "start_date": "2025-09-14",
    "end_date": "2025-09-01",
    "target_zip": "11101",
    "target_demographic": "45-54",
    "ad_creative_id": "CREATIVE521",
    "impressions": 33272,
    "clicks": 1019,
    "leads": 267,
    "appointments_booked": 134,
    "appointments_completed": 101,
    "total_spend": 0,
    "total_revenue": 40400,
    "cpl": 0,
    "cpa": 0,
    "roas": 0,
    "profit": 40400
  },
  {
    "campaign_id": "CAMP1188",
    "platform": "google",
    "start_date": "2025-07-29",
    "end_date": "2025-09-24",
    "target_zip": "11101",
    "target_demographic": "35-44",
    "ad_creative_id": "CREATIVE702",
    "impressions": 29025,
    "clicks": 564,
    "leads": 110,
    "appointments_booked": 55,
    "appointments_completed": 41,
    "total_spend": 13046,
    "total_revenue": 16400,
    "cpl": 119,
    "cpa": 318,
    "roas": 1.26,
    "profit": 3354
  },
  {
    "campaign_id": "CAMP1189",
    "platform": "referral",
    "start_date": "2025-08-08",
    "end_date": "2025-09-24",
    "target_zip": "10453",
    "target_demographic": "55+",
    "ad_creative_id": "CREATIVE118",
    "impressions": 17856,
    "clicks": 388,
    "leads": 142,
    "appointments_booked": 71,
    "appointments_completed": 53,
    "total_spend": 0,
    "total_revenue": 21200,
    "cpl": 0,
    "cpa": 0,
    "roas": 0,
    "profit": 21200
  },
  {
    "campaign_id": "CAMP1190",
    "platform": "email",
    "start_date": "2025-09-07",
    "end_date": "2025-09-17",
    "target_zip": "90210",
    "target_demographic": "45-54",
    "ad_creative_id": "CREATIVE721",
    "impressions": 33126,
    "clicks": 565,
    "leads": 180,
    "appointments_booked": 126,
    "appointments_completed": 113,
    "total_spend": 1108,
    "total_revenue": 73450,
    "cpl": 6,
    "cpa": 10,
    "roas": 66.26,
    "profit": 72342
  },
  {
    "campaign_id": "CAMP1191",
    "platform": "instagram",
    "start_date": "2025-09-08",
    "end_date": "2025-09-03",
    "target_zip": "11211",
    "target_demographic": "25-34",
    "ad_creative_id": "CREATIVE838",
    "impressions": 31883,
    "clicks": 1253,
    "leads": 223,
    "appointments_booked": 112,
    "appointments_completed": 84,
    "total_spend": 20662,
    "total_revenue": 33600,
    "cpl": 93,
    "cpa": 246,
    "roas": 1.63,
    "profit": 12938
  },
  {
    "campaign_id": "CAMP1192",
    "platform": "tiktok",
    "start_date": "2025-08-13",
    "end_date": "2025-09-16",
    "target_zip": "10021",
    "target_demographic": "35-44",
    "ad_creative_id": "CREATIVE586",
    "impressions": 39375,
    "clicks": 1920,
    "leads": 205,
    "appointments_booked": 144,
    "appointments_completed": 130,
    "total_spend": 20807,
    "total_revenue": 84500,
    "cpl": 101,
    "cpa": 160,
    "roas": 4.06,
    "profit": 63693
  },
  {
    "campaign_id": "CAMP1193",
    "platform": "instagram",
    "start_date": "2025-08-17",
    "end_date": "2025-09-13",
    "target_zip": "11030",
    "target_demographic": "55+",
    "ad_creative_id": "CREATIVE650",
    "impressions": 26517,
    "clicks": 401,
    "leads": 63,
    "appointments_booked": 44,
    "appointments_completed": 40,
    "total_spend": 7646,
    "total_revenue": 26000,
    "cpl": 121,
    "cpa": 191,
    "roas": 3.4,
    "profit": 18354
  },
  {
    "campaign_id": "CAMP1194",
    "platform": "organic",
    "start_date": "2025-07-31",
    "end_date": "2025-09-13",
    "target_zip": "10453",
    "target_demographic": "35-44",
    "ad_creative_id": "CREATIVE370",
    "impressions": 22373,
    "clicks": 410,
    "leads": 132,
    "appointments_booked": 66,
    "appointments_completed": 50,
    "total_spend": 0,
    "total_revenue": 20000,
    "cpl": 0,
    "cpa": 0,
    "roas": 0,
    "profit": 20000
  },
  {
    "campaign_id": "CAMP1195",
    "platform": "referral",
    "start_date": "2025-08-09",
    "end_date": "2025-09-04",
    "target_zip": "10453",
    "target_demographic": "55+",
    "ad_creative_id": "CREATIVE390",
    "impressions": 42843,
    "clicks": 986,
    "leads": 368,
    "appointments_booked": 184,
    "appointments_completed": 138,
    "total_spend": 0,
    "total_revenue": 55200,
    "cpl": 0,
    "cpa": 0,
    "roas": 0,
    "profit": 55200
  },
  {
    "campaign_id": "CAMP1196",
    "platform": "email",
    "start_date": "2025-09-18",
    "end_date": "2025-09-18",
    "target_zip": "11030",
    "target_demographic": "55+",
    "ad_creative_id": "CREATIVE873",
    "impressions": 12148,
    "clicks": 485,
    "leads": 181,
    "appointments_booked": 127,
    "appointments_completed": 114,
    "total_spend": 897,
    "total_revenue": 74100,
    "cpl": 5,
    "cpa": 8,
    "roas": 82.65,
    "profit": 73203
  },
  {
    "campaign_id": "CAMP1197",
    "platform": "email",
    "start_date": "2025-08-19",
    "end_date": "2025-09-29",
    "target_zip": "10453",
    "target_demographic": "35-44",
    "ad_creative_id": "CREATIVE146",
    "impressions": 18684,
    "clicks": 838,
    "leads": 290,
    "appointments_booked": 145,
    "appointments_completed": 109,
    "total_spend": 1641,
    "total_revenue": 43600,
    "cpl": 6,
    "cpa": 15,
    "roas": 26.57,
    "profit": 41959
  },
  {
    "campaign_id": "CAMP1198",
    "platform": "google",
    "start_date": "2025-07-03",
    "end_date": "2025-09-13",
    "target_zip": "10453",
    "target_demographic": "25-34",
    "ad_creative_id": "CREATIVE793",
    "impressions": 21562,
    "clicks": 765,
    "leads": 143,
    "appointments_booked": 72,
    "appointments_completed": 54,
    "total_spend": 17536,
    "total_revenue": 21600,
    "cpl": 123,
    "cpa": 325,
    "roas": 1.23,
    "profit": 4064
  },
  {
    "campaign_id": "CAMP1199",
    "platform": "email",
    "start_date": "2025-09-13",
    "end_date": "2025-09-10",
    "target_zip": "11030",
    "target_demographic": "25-34",
    "ad_creative_id": "CREATIVE844",
    "impressions": 29028,
    "clicks": 475,
    "leads": 151,
    "appointments_booked": 106,
    "appointments_completed": 95,
    "total_spend": 1015,
    "total_revenue": 61750,
    "cpl": 7,
    "cpa": 11,
    "roas": 60.84,
    "profit": 60735
  },
  {
    "campaign_id": "CAMP1200",
    "platform": "facebook",
    "start_date": "2025-07-26",
    "end_date": "2025-09-21",
    "target_zip": "10453",
    "target_demographic": "45-54",
    "ad_creative_id": "CREATIVE776",
    "impressions": 14950,
    "clicks": 610,
    "leads": 96,
    "appointments_booked": 48,
    "appointments_completed": 36,
    "total_spend": 9861,
    "total_revenue": 14400,
    "cpl": 103,
    "cpa": 274,
    "roas": 1.46,
    "profit": 4539
  },
  {
    "campaign_id": "CAMP1201",
    "platform": "organic",
    "start_date": "2025-08-27",
    "end_date": "2025-09-12",
    "target_zip": "11101",
    "target_demographic": "25-34",
    "ad_creative_id": "CREATIVE715",
    "impressions": 32771,
    "clicks": 1607,
    "leads": 408,
    "appointments_booked": 204,
    "appointments_completed": 153,
    "total_spend": 0,
    "total_revenue": 61200,
    "cpl": 0,
    "cpa": 0,
    "roas": 0,
    "profit": 61200
  },
  {
    "campaign_id": "CAMP1202",
    "platform": "organic",
    "start_date": "2025-09-12",
    "end_date": "2025-09-15",
    "target_zip": "11101",
    "target_demographic": "45-54",
    "ad_creative_id": "CREATIVE445",
    "impressions": 47321,
    "clicks": 1314,
    "leads": 325,
    "appointments_booked": 163,
    "appointments_completed": 122,
    "total_spend": 0,
    "total_revenue": 48800,
    "cpl": 0,
    "cpa": 0,
    "roas": 0,
    "profit": 48800
  },
  {
    "campaign_id": "CAMP1203",
    "platform": "facebook",
    "start_date": "2025-07-12",
    "end_date": "2025-09-01",
    "target_zip": "11030",
    "target_demographic": "35-44",
    "ad_creative_id": "CREATIVE846",
    "impressions": 23672,
    "clicks": 504,
    "leads": 79,
    "appointments_booked": 55,
    "appointments_completed": 50,
    "total_spend": 7412,
    "total_revenue": 32500,
    "cpl": 94,
    "cpa": 148,
    "roas": 4.38,
    "profit": 25088
  },
  {
    "campaign_id": "CAMP1204",
    "platform": "referral",
    "start_date": "2025-09-14",
    "end_date": "2025-09-05",
    "target_zip": "07302",
    "target_demographic": "45-54",
    "ad_creative_id": "CREATIVE321",
    "impressions": 9383,
    "clicks": 370,
    "leads": 155,
    "appointments_booked": 78,
    "appointments_completed": 59,
    "total_spend": 0,
    "total_revenue": 23600,
    "cpl": 0,
    "cpa": 0,
    "roas": 0,
    "profit": 23600
  },
  {
    "campaign_id": "CAMP1205",
    "platform": "tiktok",
    "start_date": "2025-09-02",
    "end_date": "2025-09-29",
    "target_zip": "90210",
    "target_demographic": "55+",
    "ad_creative_id": "CREATIVE363",
    "impressions": 22230,
    "clicks": 867,
    "leads": 79,
    "appointments_booked": 55,
    "appointments_completed": 50,
    "total_spend": 9401,
    "total_revenue": 32500,
    "cpl": 119,
    "cpa": 188,
    "roas": 3.46,
    "profit": 23099
  },
  {
    "campaign_id": "CAMP1206",
    "platform": "organic",
    "start_date": "2025-07-22",
    "end_date": "2025-09-05",
    "target_zip": "11101",
    "target_demographic": "25-34",
    "ad_creative_id": "CREATIVE265",
    "impressions": 19116,
    "clicks": 823,
    "leads": 257,
    "appointments_booked": 129,
    "appointments_completed": 97,
    "total_spend": 0,
    "total_revenue": 38800,
    "cpl": 0,
    "cpa": 0,
    "roas": 0,
    "profit": 38800
  },
  {
    "campaign_id": "CAMP1207",
    "platform": "facebook",
    "start_date": "2025-07-23",
    "end_date": "2025-09-15",
    "target_zip": "11030",
    "target_demographic": "35-44",
    "ad_creative_id": "CREATIVE752",
    "impressions": 1755,
    "clicks": 47,
    "leads": 8,
    "appointments_booked": 6,
    "appointments_completed": 5,
    "total_spend": 650,
    "total_revenue": 3250,
    "cpl": 81,
    "cpa": 130,
    "roas": 5,
    "profit": 2600
  },
  {
    "campaign_id": "CAMP1208",
    "platform": "tiktok",
    "start_date": "2025-09-06",
    "end_date": "2025-09-14",
    "target_zip": "10021",
    "target_demographic": "25-34",
    "ad_creative_id": "CREATIVE902",
    "impressions": 20137,
    "clicks": 950,
    "leads": 76,
    "appointments_booked": 53,
    "appointments_completed": 48,
    "total_spend": 11301,
    "total_revenue": 31200,
    "cpl": 149,
    "cpa": 235,
    "roas": 2.76,
    "profit": 19899
  },
  {
    "campaign_id": "CAMP1209",
    "platform": "organic",
    "start_date": "2025-09-17",
    "end_date": "2025-09-02",
    "target_zip": "10021",
    "target_demographic": "25-34",
    "ad_creative_id": "CREATIVE593",
    "impressions": 37540,
    "clicks": 1871,
    "leads": 668,
    "appointments_booked": 468,
    "appointments_completed": 421,
    "total_spend": 0,
    "total_revenue": 273650,
    "cpl": 0,
    "cpa": 0,
    "roas": 0,
    "profit": 273650
  },
  {
    "campaign_id": "CAMP1210",
    "platform": "facebook",
    "start_date": "2025-08-01",
    "end_date": "2025-09-26",
    "target_zip": "07302",
    "target_demographic": "55+",
    "ad_creative_id": "CREATIVE889",
    "impressions": 20854,
    "clicks": 615,
    "leads": 103,
    "appointments_booked": 52,
    "appointments_completed": 39,
    "total_spend": 8654,
    "total_revenue": 15600,
    "cpl": 84,
    "cpa": 222,
    "roas": 1.8,
    "profit": 6946
  },
  {
    "campaign_id": "CAMP1211",
    "platform": "facebook",
    "start_date": "2025-09-21",
    "end_date": "2025-09-11",
    "target_zip": "10021",
    "target_demographic": "45-54",
    "ad_creative_id": "CREATIVE887",
    "impressions": 31083,
    "clicks": 769,
    "leads": 143,
    "appointments_booked": 100,
    "appointments_completed": 90,
    "total_spend": 11832,
    "total_revenue": 58500,
    "cpl": 83,
    "cpa": 131,
    "roas": 4.94,
    "profit": 46668
  },
  {
    "campaign_id": "CAMP1212",
    "platform": "tiktok",
    "start_date": "2025-09-06",
    "end_date": "2025-09-06",
    "target_zip": "11030",
    "target_demographic": "55+",
    "ad_creative_id": "CREATIVE858",
    "impressions": 5511,
    "clicks": 119,
    "leads": 11,
    "appointments_booked": 8,
    "appointments_completed": 7,
    "total_spend": 1477,
    "total_revenue": 4550,
    "cpl": 134,
    "cpa": 211,
    "roas": 3.08,
    "profit": 3073
  },
  {
    "campaign_id": "CAMP1213",
    "platform": "organic",
    "start_date": "2025-08-25",
    "end_date": "2025-09-16",
    "target_zip": "11101",
    "target_demographic": "35-44",
    "ad_creative_id": "CREATIVE950",
    "impressions": 13385,
    "clicks": 228,
    "leads": 65,
    "appointments_booked": 33,
    "appointments_completed": 25,
    "total_spend": 0,
    "total_revenue": 10000,
    "cpl": 0,
    "cpa": 0,
    "roas": 0,
    "profit": 10000
  },
  {
    "campaign_id": "CAMP1214",
    "platform": "google",
    "start_date": "2025-09-29",
    "end_date": "2025-09-28",
    "target_zip": "11101",
    "target_demographic": "55+",
    "ad_creative_id": "CREATIVE298",
    "impressions": 21468,
    "clicks": 1280,
    "leads": 225,
    "appointments_booked": 113,
    "appointments_completed": 85,
    "total_spend": 32187,
    "total_revenue": 34000,
    "cpl": 143,
    "cpa": 379,
    "roas": 1.06,
    "profit": 1813
  },
  {
    "campaign_id": "CAMP1215",
    "platform": "tiktok",
    "start_date": "2025-08-04",
    "end_date": "2025-09-20",
    "target_zip": "11030",
    "target_demographic": "45-54",
    "ad_creative_id": "CREATIVE436",
    "impressions": 26971,
    "clicks": 321,
    "leads": 34,
    "appointments_booked": 24,
    "appointments_completed": 22,
    "total_spend": 4148,
    "total_revenue": 14300,
    "cpl": 122,
    "cpa": 189,
    "roas": 3.45,
    "profit": 10152
  },
  {
    "campaign_id": "CAMP1216",
    "platform": "instagram",
    "start_date": "2025-07-13",
    "end_date": "2025-09-30",
    "target_zip": "90210",
    "target_demographic": "55+",
    "ad_creative_id": "CREATIVE468",
    "impressions": 2263,
    "clicks": 86,
    "leads": 12,
    "appointments_booked": 8,
    "appointments_completed": 7,
    "total_spend": 1609,
    "total_revenue": 4550,
    "cpl": 134,
    "cpa": 230,
    "roas": 2.83,
    "profit": 2941
  },
  {
    "campaign_id": "CAMP1217",
    "platform": "referral",
    "start_date": "2025-08-23",
    "end_date": "2025-09-21",
    "target_zip": "11101",
    "target_demographic": "35-44",
    "ad_creative_id": "CREATIVE189",
    "impressions": 22548,
    "clicks": 592,
    "leads": 283,
    "appointments_booked": 142,
    "appointments_completed": 107,
    "total_spend": 0,
    "total_revenue": 42800,
    "cpl": 0,
    "cpa": 0,
    "roas": 0,
    "profit": 42800
  },
  {
    "campaign_id": "CAMP1218",
    "platform": "organic",
    "start_date": "2025-09-05",
    "end_date": "2025-09-21",
    "target_zip": "90210",
    "target_demographic": "35-44",
    "ad_creative_id": "CREATIVE105",
    "impressions": 8569,
    "clicks": 149,
    "leads": 38,
    "appointments_booked": 27,
    "appointments_completed": 24,
    "total_spend": 0,
    "total_revenue": 15600,
    "cpl": 0,
    "cpa": 0,
    "roas": 0,
    "profit": 15600
  },
  {
    "campaign_id": "CAMP1219",
    "platform": "tiktok",
    "start_date": "2025-09-25",
    "end_date": "2025-09-28",
    "target_zip": "10021",
    "target_demographic": "45-54",
    "ad_creative_id": "CREATIVE426",
    "impressions": 48589,
    "clicks": 2406,
    "leads": 285,
    "appointments_booked": 200,
    "appointments_completed": 180,
    "total_spend": 29348,
    "total_revenue": 117000,
    "cpl": 103,
    "cpa": 163,
    "roas": 3.99,
    "profit": 87652
  },
  {
    "campaign_id": "CAMP1220",
    "platform": "instagram",
    "start_date": "2025-08-04",
    "end_date": "2025-09-15",
    "target_zip": "07302",
    "target_demographic": "55+",
    "ad_creative_id": "CREATIVE862",
    "impressions": 35352,
    "clicks": 1029,
    "leads": 136,
    "appointments_booked": 68,
    "appointments_completed": 51,
    "total_spend": 16783,
    "total_revenue": 20400,
    "cpl": 123,
    "cpa": 329,
    "roas": 1.22,
    "profit": 3617
  },
  {
    "campaign_id": "CAMP1221",
    "platform": "email",
    "start_date": "2025-08-04",
    "end_date": "2025-09-11",
    "target_zip": "11030",
    "target_demographic": "25-34",
    "ad_creative_id": "CREATIVE297",
    "impressions": 11976,
    "clicks": 350,
    "leads": 132,
    "appointments_booked": 92,
    "appointments_completed": 83,
    "total_spend": 700,
    "total_revenue": 53950,
    "cpl": 5,
    "cpa": 8,
    "roas": 77.1,
    "profit": 53250
  },
  {
    "campaign_id": "CAMP1222",
    "platform": "google",
    "start_date": "2025-07-25",
    "end_date": "2025-09-24",
    "target_zip": "11101",
    "target_demographic": "35-44",
    "ad_creative_id": "CREATIVE624",
    "impressions": 49096,
    "clicks": 2357,
    "leads": 478,
    "appointments_booked": 239,
    "appointments_completed": 179,
    "total_spend": 54443,
    "total_revenue": 71600,
    "cpl": 114,
    "cpa": 304,
    "roas": 1.32,
    "profit": 17157
  },
  {
    "campaign_id": "CAMP1223",
    "platform": "facebook",
    "start_date": "2025-09-23",
    "end_date": "2025-09-07",
    "target_zip": "11030",
    "target_demographic": "25-34",
    "ad_creative_id": "CREATIVE454",
    "impressions": 36463,
    "clicks": 463,
    "leads": 89,
    "appointments_booked": 62,
    "appointments_completed": 56,
    "total_spend": 7600,
    "total_revenue": 36400,
    "cpl": 85,
    "cpa": 136,
    "roas": 4.79,
    "profit": 28800
  },
  {
    "campaign_id": "CAMP1224",
    "platform": "email",
    "start_date": "2025-09-16",
    "end_date": "2025-09-10",
    "target_zip": "10021",
    "target_demographic": "45-54",
    "ad_creative_id": "CREATIVE158",
    "impressions": 42974,
    "clicks": 695,
    "leads": 265,
    "appointments_booked": 186,
    "appointments_completed": 167,
    "total_spend": 1274,
    "total_revenue": 108550,
    "cpl": 5,
    "cpa": 8,
    "roas": 85.23,
    "profit": 107276
  },
  {
    "campaign_id": "CAMP1225",
    "platform": "referral",
    "start_date": "2025-08-03",
    "end_date": "2025-09-09",
    "target_zip": "10021",
    "target_demographic": "35-44",
    "ad_creative_id": "CREATIVE768",
    "impressions": 36095,
    "clicks": 896,
    "leads": 386,
    "appointments_booked": 270,
    "appointments_completed": 243,
    "total_spend": 0,
    "total_revenue": 157950,
    "cpl": 0,
    "cpa": 0,
    "roas": 0,
    "profit": 157950
  },
  {
    "campaign_id": "CAMP1226",
    "platform": "google",
    "start_date": "2025-08-17",
    "end_date": "2025-09-23",
    "target_zip": "10453",
    "target_demographic": "45-54",
    "ad_creative_id": "CREATIVE665",
    "impressions": 27215,
    "clicks": 475,
    "leads": 98,
    "appointments_booked": 49,
    "appointments_completed": 37,
    "total_spend": 12990,
    "total_revenue": 14800,
    "cpl": 133,
    "cpa": 351,
    "roas": 1.14,
    "profit": 1810
  },
  {
    "campaign_id": "CAMP1227",
    "platform": "google",
    "start_date": "2025-08-16",
    "end_date": "2025-09-24",
    "target_zip": "11101",
    "target_demographic": "55+",
    "ad_creative_id": "CREATIVE850",
    "impressions": 3074,
    "clicks": 175,
    "leads": 32,
    "appointments_booked": 16,
    "appointments_completed": 12,
    "total_spend": 4155,
    "total_revenue": 4800,
    "cpl": 130,
    "cpa": 346,
    "roas": 1.16,
    "profit": 645
  },
  {
    "campaign_id": "CAMP1228",
    "platform": "instagram",
    "start_date": "2025-07-15",
    "end_date": "2025-09-11",
    "target_zip": "11101",
    "target_demographic": "35-44",
    "ad_creative_id": "CREATIVE210",
    "impressions": 10239,
    "clicks": 341,
    "leads": 61,
    "appointments_booked": 31,
    "appointments_completed": 23,
    "total_spend": 6515,
    "total_revenue": 9200,
    "cpl": 107,
    "cpa": 283,
    "roas": 1.41,
    "profit": 2685
  },
  {
    "campaign_id": "CAMP1229",
    "platform": "email",
    "start_date": "2025-07-03",
    "end_date": "2025-09-13",
    "target_zip": "90210",
    "target_demographic": "25-34",
    "ad_creative_id": "CREATIVE268",
    "impressions": 4750,
    "clicks": 84,
    "leads": 34,
    "appointments_booked": 24,
    "appointments_completed": 22,
    "total_spend": 156,
    "total_revenue": 14300,
    "cpl": 5,
    "cpa": 7,
    "roas": 91.4,
    "profit": 14144
  },
  {
    "campaign_id": "CAMP1230",
    "platform": "tiktok",
    "start_date": "2025-07-22",
    "end_date": "2025-09-15",
    "target_zip": "11030",
    "target_demographic": "45-54",
    "ad_creative_id": "CREATIVE544",
    "impressions": 42892,
    "clicks": 1056,
    "leads": 85,
    "appointments_booked": 59,
    "appointments_completed": 53,
    "total_spend": 12430,
    "total_revenue": 34450,
    "cpl": 146,
    "cpa": 235,
    "roas": 2.77,
    "profit": 22020
  },
  {
    "campaign_id": "CAMP1231",
    "platform": "google",
    "start_date": "2025-08-09",
    "end_date": "2025-09-28",
    "target_zip": "11211",
    "target_demographic": "25-34",
    "ad_creative_id": "CREATIVE837",
    "impressions": 47117,
    "clicks": 777,
    "leads": 178,
    "appointments_booked": 89,
    "appointments_completed": 67,
    "total_spend": 21142,
    "total_revenue": 26800,
    "cpl": 119,
    "cpa": 316,
    "roas": 1.27,
    "profit": 5658
  },
  {
    "campaign_id": "CAMP1232",
    "platform": "referral",
    "start_date": "2025-08-12",
    "end_date": "2025-09-03",
    "target_zip": "11211",
    "target_demographic": "55+",
    "ad_creative_id": "CREATIVE459",
    "impressions": 7163,
    "clicks": 201,
    "leads": 91,
    "appointments_booked": 46,
    "appointments_completed": 35,
    "total_spend": 0,
    "total_revenue": 14000,
    "cpl": 0,
    "cpa": 0,
    "roas": 0,
    "profit": 14000
  },
  {
    "campaign_id": "CAMP1233",
    "platform": "tiktok",
    "start_date": "2025-09-07",
    "end_date": "2025-08-31",
    "target_zip": "10453",
    "target_demographic": "45-54",
    "ad_creative_id": "CREATIVE142",
    "impressions": 35894,
    "clicks": 1549,
    "leads": 130,
    "appointments_booked": 65,
    "appointments_completed": 49,
    "total_spend": 18004,
    "total_revenue": 19600,
    "cpl": 138,
    "cpa": 367,
    "roas": 1.09,
    "profit": 1596
  },
  {
    "campaign_id": "CAMP1234",
    "platform": "google",
    "start_date": "2025-09-23",
    "end_date": "2025-09-04",
    "target_zip": "90210",
    "target_demographic": "25-34",
    "ad_creative_id": "CREATIVE428",
    "impressions": 24635,
    "clicks": 1341,
    "leads": 266,
    "appointments_booked": 186,
    "appointments_completed": 167,
    "total_spend": 30984,
    "total_revenue": 108550,
    "cpl": 116,
    "cpa": 186,
    "roas": 3.5,
    "profit": 77566
  },
  {
    "campaign_id": "CAMP1235",
    "platform": "google",
    "start_date": "2025-08-20",
    "end_date": "2025-09-30",
    "target_zip": "07302",
    "target_demographic": "35-44",
    "ad_creative_id": "CREATIVE394",
    "impressions": 18830,
    "clicks": 1273,
    "leads": 243,
    "appointments_booked": 122,
    "appointments_completed": 92,
    "total_spend": 31178,
    "total_revenue": 36800,
    "cpl": 128,
    "cpa": 339,
    "roas": 1.18,
    "profit": 5622
  },
  {
    "campaign_id": "CAMP1236",
    "platform": "facebook",
    "start_date": "2025-08-19",
    "end_date": "2025-09-06",
    "target_zip": "90210",
    "target_demographic": "25-34",
    "ad_creative_id": "CREATIVE146",
    "impressions": 5713,
    "clicks": 249,
    "leads": 50,
    "appointments_booked": 35,
    "appointments_completed": 32,
    "total_spend": 3792,
    "total_revenue": 20800,
    "cpl": 76,
    "cpa": 119,
    "roas": 5.48,
    "profit": 17008
  },
  {
    "campaign_id": "CAMP1237",
    "platform": "organic",
    "start_date": "2025-08-29",
    "end_date": "2025-09-25",
    "target_zip": "11030",
    "target_demographic": "25-34",
    "ad_creative_id": "CREATIVE724",
    "impressions": 37308,
    "clicks": 411,
    "leads": 146,
    "appointments_booked": 102,
    "appointments_completed": 92,
    "total_spend": 0,
    "total_revenue": 59800,
    "cpl": 0,
    "cpa": 0,
    "roas": 0,
    "profit": 59800
  },
  {
    "campaign_id": "CAMP1238",
    "platform": "tiktok",
    "start_date": "2025-08-17",
    "end_date": "2025-09-28",
    "target_zip": "11211",
    "target_demographic": "45-54",
    "ad_creative_id": "CREATIVE900",
    "impressions": 34622,
    "clicks": 1652,
    "leads": 143,
    "appointments_booked": 72,
    "appointments_completed": 54,
    "total_spend": 21210,
    "total_revenue": 21600,
    "cpl": 148,
    "cpa": 393,
    "roas": 1.02,
    "profit": 390
  },
  {
    "campaign_id": "CAMP1239",
    "platform": "instagram",
    "start_date": "2025-09-24",
    "end_date": "2025-09-18",
    "target_zip": "11101",
    "target_demographic": "35-44",
    "ad_creative_id": "CREATIVE234",
    "impressions": 24575,
    "clicks": 519,
    "leads": 88,
    "appointments_booked": 44,
    "appointments_completed": 33,
    "total_spend": 9822,
    "total_revenue": 13200,
    "cpl": 112,
    "cpa": 298,
    "roas": 1.34,
    "profit": 3378
  },
  {
    "campaign_id": "CAMP1240",
    "platform": "tiktok",
    "start_date": "2025-08-17",
    "end_date": "2025-09-22",
    "target_zip": "90210",
    "target_demographic": "35-44",
    "ad_creative_id": "CREATIVE182",
    "impressions": 46053,
    "clicks": 1930,
    "leads": 187,
    "appointments_booked": 131,
    "appointments_completed": 118,
    "total_spend": 24935,
    "total_revenue": 76700,
    "cpl": 133,
    "cpa": 211,
    "roas": 3.08,
    "profit": 51765
  },
  {
    "campaign_id": "CAMP1241",
    "platform": "referral",
    "start_date": "2025-07-10",
    "end_date": "2025-09-28",
    "target_zip": "07302",
    "target_demographic": "55+",
    "ad_creative_id": "CREATIVE434",
    "impressions": 8531,
    "clicks": 118,
    "leads": 59,
    "appointments_booked": 30,
    "appointments_completed": 23,
    "total_spend": 0,
    "total_revenue": 9200,
    "cpl": 0,
    "cpa": 0,
    "roas": 0,
    "profit": 9200
  },
  {
    "campaign_id": "CAMP1242",
    "platform": "instagram",
    "start_date": "2025-08-27",
    "end_date": "2025-09-21",
    "target_zip": "90210",
    "target_demographic": "35-44",
    "ad_creative_id": "CREATIVE346",
    "impressions": 40051,
    "clicks": 1750,
    "leads": 283,
    "appointments_booked": 198,
    "appointments_completed": 178,
    "total_spend": 32278,
    "total_revenue": 115700,
    "cpl": 114,
    "cpa": 181,
    "roas": 3.58,
    "profit": 83422
  },
  {
    "campaign_id": "CAMP1243",
    "platform": "tiktok",
    "start_date": "2025-08-23",
    "end_date": "2025-09-09",
    "target_zip": "11101",
    "target_demographic": "35-44",
    "ad_creative_id": "CREATIVE384",
    "impressions": 38415,
    "clicks": 1170,
    "leads": 129,
    "appointments_booked": 65,
    "appointments_completed": 49,
    "total_spend": 14149,
    "total_revenue": 19600,
    "cpl": 110,
    "cpa": 289,
    "roas": 1.39,
    "profit": 5451
  },
  {
    "campaign_id": "CAMP1244",
    "platform": "facebook",
    "start_date": "2025-07-17",
    "end_date": "2025-09-29",
    "target_zip": "07302",
    "target_demographic": "45-54",
    "ad_creative_id": "CREATIVE885",
    "impressions": 17731,
    "clicks": 562,
    "leads": 98,
    "appointments_booked": 49,
    "appointments_completed": 37,
    "total_spend": 8965,
    "total_revenue": 14800,
    "cpl": 91,
    "cpa": 242,
    "roas": 1.65,
    "profit": 5835
  },
  {
    "campaign_id": "CAMP1245",
    "platform": "google",
    "start_date": "2025-09-01",
    "end_date": "2025-09-09",
    "target_zip": "10453",
    "target_demographic": "55+",
    "ad_creative_id": "CREATIVE376",
    "impressions": 39734,
    "clicks": 2042,
    "leads": 470,
    "appointments_booked": 235,
    "appointments_completed": 176,
    "total_spend": 54614,
    "total_revenue": 70400,
    "cpl": 116,
    "cpa": 310,
    "roas": 1.29,
    "profit": 15786
  },
  {
    "campaign_id": "CAMP1246",
    "platform": "facebook",
    "start_date": "2025-07-20",
    "end_date": "2025-09-07",
    "target_zip": "11211",
    "target_demographic": "25-34",
    "ad_creative_id": "CREATIVE242",
    "impressions": 26637,
    "clicks": 568,
    "leads": 89,
    "appointments_booked": 45,
    "appointments_completed": 34,
    "total_spend": 8737,
    "total_revenue": 13600,
    "cpl": 98,
    "cpa": 257,
    "roas": 1.56,
    "profit": 4863
  },
  {
    "campaign_id": "CAMP1247",
    "platform": "referral",
    "start_date": "2025-08-26",
    "end_date": "2025-09-05",
    "target_zip": "11101",
    "target_demographic": "35-44",
    "ad_creative_id": "CREATIVE741",
    "impressions": 12399,
    "clicks": 568,
    "leads": 300,
    "appointments_booked": 150,
    "appointments_completed": 113,
    "total_spend": 0,
    "total_revenue": 45200,
    "cpl": 0,
    "cpa": 0,
    "roas": 0,
    "profit": 45200
  },
  {
    "campaign_id": "CAMP1248",
    "platform": "facebook",
    "start_date": "2025-09-25",
    "end_date": "2025-09-03",
    "target_zip": "10453",
    "target_demographic": "25-34",
    "ad_creative_id": "CREATIVE225",
    "impressions": 30234,
    "clicks": 678,
    "leads": 109,
    "appointments_booked": 55,
    "appointments_completed": 41,
    "total_spend": 9168,
    "total_revenue": 16400,
    "cpl": 84,
    "cpa": 224,
    "roas": 1.79,
    "profit": 7232
  },
  {
    "campaign_id": "CAMP1249",
    "platform": "facebook",
    "start_date": "2025-08-10",
    "end_date": "2025-09-21",
    "target_zip": "11211",
    "target_demographic": "45-54",
    "ad_creative_id": "CREATIVE566",
    "impressions": 10884,
    "clicks": 429,
    "leads": 81,
    "appointments_booked": 41,
    "appointments_completed": 31,
    "total_spend": 6131,
    "total_revenue": 12400,
    "cpl": 76,
    "cpa": 198,
    "roas": 2.02,
    "profit": 6269
  },
  {
    "campaign_id": "CAMP1250",
    "platform": "google",
    "start_date": "2025-09-19",
    "end_date": "2025-09-11",
    "target_zip": "11101",
    "target_demographic": "55+",
    "ad_creative_id": "CREATIVE995",
    "impressions": 17088,
    "clicks": 412,
    "leads": 96,
    "appointments_booked": 48,
    "appointments_completed": 36,
    "total_spend": 10031,
    "total_revenue": 14400,
    "cpl": 104,
    "cpa": 279,
    "roas": 1.44,
    "profit": 4369
  },
  {
    "campaign_id": "CAMP1251",
    "platform": "organic",
    "start_date": "2025-08-22",
    "end_date": "2025-09-06",
    "target_zip": "10453",
    "target_demographic": "45-54",
    "ad_creative_id": "CREATIVE838",
    "impressions": 20412,
    "clicks": 912,
    "leads": 264,
    "appointments_booked": 132,
    "appointments_completed": 99,
    "total_spend": 0,
    "total_revenue": 39600,
    "cpl": 0,
    "cpa": 0,
    "roas": 0,
    "profit": 39600
  },
  {
    "campaign_id": "CAMP1252",
    "platform": "organic",
    "start_date": "2025-07-17",
    "end_date": "2025-08-31",
    "target_zip": "90210",
    "target_demographic": "35-44",
    "ad_creative_id": "CREATIVE182",
    "impressions": 31767,
    "clicks": 585,
    "leads": 198,
    "appointments_booked": 139,
    "appointments_completed": 125,
    "total_spend": 0,
    "total_revenue": 81250,
    "cpl": 0,
    "cpa": 0,
    "roas": 0,
    "profit": 81250
  },
  {
    "campaign_id": "CAMP1253",
    "platform": "referral",
    "start_date": "2025-07-08",
    "end_date": "2025-09-27",
    "target_zip": "10453",
    "target_demographic": "25-34",
    "ad_creative_id": "CREATIVE103",
    "impressions": 39729,
    "clicks": 1526,
    "leads": 709,
    "appointments_booked": 355,
    "appointments_completed": 266,
    "total_spend": 0,
    "total_revenue": 106400,
    "cpl": 0,
    "cpa": 0,
    "roas": 0,
    "profit": 106400
  },
  {
    "campaign_id": "CAMP1254",
    "platform": "email",
    "start_date": "2025-09-15",
    "end_date": "2025-09-04",
    "target_zip": "11101",
    "target_demographic": "45-54",
    "ad_creative_id": "CREATIVE771",
    "impressions": 43423,
    "clicks": 1612,
    "leads": 474,
    "appointments_booked": 237,
    "appointments_completed": 178,
    "total_spend": 3443,
    "total_revenue": 71200,
    "cpl": 7,
    "cpa": 19,
    "roas": 20.68,
    "profit": 67757
  },
  {
    "campaign_id": "CAMP1255",
    "platform": "facebook",
    "start_date": "2025-07-27",
    "end_date": "2025-09-01",
    "target_zip": "07302",
    "target_demographic": "35-44",
    "ad_creative_id": "CREATIVE166",
    "impressions": 20591,
    "clicks": 376,
    "leads": 76,
    "appointments_booked": 38,
    "appointments_completed": 29,
    "total_spend": 5117,
    "total_revenue": 11600,
    "cpl": 67,
    "cpa": 176,
    "roas": 2.27,
    "profit": 6483
  },
  {
    "campaign_id": "CAMP1256",
    "platform": "referral",
    "start_date": "2025-09-09",
    "end_date": "2025-09-04",
    "target_zip": "11211",
    "target_demographic": "45-54",
    "ad_creative_id": "CREATIVE800",
    "impressions": 10575,
    "clicks": 413,
    "leads": 190,
    "appointments_booked": 95,
    "appointments_completed": 71,
    "total_spend": 0,
    "total_revenue": 28400,
    "cpl": 0,
    "cpa": 0,
    "roas": 0,
    "profit": 28400
  },
  {
    "campaign_id": "CAMP1257",
    "platform": "referral",
    "start_date": "2025-08-16",
    "end_date": "2025-09-30",
    "target_zip": "11211",
    "target_demographic": "55+",
    "ad_creative_id": "CREATIVE424",
    "impressions": 13184,
    "clicks": 513,
    "leads": 252,
    "appointments_booked": 126,
    "appointments_completed": 95,
    "total_spend": 0,
    "total_revenue": 38000,
    "cpl": 0,
    "cpa": 0,
    "roas": 0,
    "profit": 38000
  },
  {
    "campaign_id": "CAMP1258",
    "platform": "tiktok",
    "start_date": "2025-09-28",
    "end_date": "2025-09-15",
    "target_zip": "07302",
    "target_demographic": "35-44",
    "ad_creative_id": "CREATIVE308",
    "impressions": 42556,
    "clicks": 1795,
    "leads": 209,
    "appointments_booked": 105,
    "appointments_completed": 79,
    "total_spend": 19906,
    "total_revenue": 31600,
    "cpl": 95,
    "cpa": 252,
    "roas": 1.59,
    "profit": 11694
  },
  {
    "campaign_id": "CAMP1259",
    "platform": "instagram",
    "start_date": "2025-08-11",
    "end_date": "2025-09-19",
    "target_zip": "11101",
    "target_demographic": "45-54",
    "ad_creative_id": "CREATIVE839",
    "impressions": 29305,
    "clicks": 720,
    "leads": 109,
    "appointments_booked": 55,
    "appointments_completed": 41,
    "total_spend": 14005,
    "total_revenue": 16400,
    "cpl": 128,
    "cpa": 342,
    "roas": 1.17,
    "profit": 2395
  },
  {
    "campaign_id": "CAMP1260",
    "platform": "organic",
    "start_date": "2025-07-22",
    "end_date": "2025-09-05",
    "target_zip": "07302",
    "target_demographic": "35-44",
    "ad_creative_id": "CREATIVE573",
    "impressions": 21243,
    "clicks": 233,
    "leads": 75,
    "appointments_booked": 38,
    "appointments_completed": 29,
    "total_spend": 0,
    "total_revenue": 11600,
    "cpl": 0,
    "cpa": 0,
    "roas": 0,
    "profit": 11600
  },
  {
    "campaign_id": "CAMP1261",
    "platform": "facebook",
    "start_date": "2025-09-27",
    "end_date": "2025-09-17",
    "target_zip": "10021",
    "target_demographic": "55+",
    "ad_creative_id": "CREATIVE626",
    "impressions": 36337,
    "clicks": 1049,
    "leads": 176,
    "appointments_booked": 123,
    "appointments_completed": 111,
    "total_spend": 15953,
    "total_revenue": 72150,
    "cpl": 91,
    "cpa": 144,
    "roas": 4.52,
    "profit": 56197
  },
  {
    "campaign_id": "CAMP1262",
    "platform": "email",
    "start_date": "2025-09-03",
    "end_date": "2025-09-04",
    "target_zip": "90210",
    "target_demographic": "35-44",
    "ad_creative_id": "CREATIVE280",
    "impressions": 21255,
    "clicks": 707,
    "leads": 221,
    "appointments_booked": 155,
    "appointments_completed": 140,
    "total_spend": 1372,
    "total_revenue": 91000,
    "cpl": 6,
    "cpa": 10,
    "roas": 66.35,
    "profit": 89628
  },
  {
    "campaign_id": "CAMP1263",
    "platform": "referral",
    "start_date": "2025-09-05",
    "end_date": "2025-09-22",
    "target_zip": "07302",
    "target_demographic": "25-34",
    "ad_creative_id": "CREATIVE611",
    "impressions": 25817,
    "clicks": 635,
    "leads": 301,
    "appointments_booked": 151,
    "appointments_completed": 113,
    "total_spend": 0,
    "total_revenue": 45200,
    "cpl": 0,
    "cpa": 0,
    "roas": 0,
    "profit": 45200
  },
  {
    "campaign_id": "CAMP1264",
    "platform": "organic",
    "start_date": "2025-07-09",
    "end_date": "2025-09-15",
    "target_zip": "10453",
    "target_demographic": "35-44",
    "ad_creative_id": "CREATIVE652",
    "impressions": 9107,
    "clicks": 319,
    "leads": 95,
    "appointments_booked": 48,
    "appointments_completed": 36,
    "total_spend": 0,
    "total_revenue": 14400,
    "cpl": 0,
    "cpa": 0,
    "roas": 0,
    "profit": 14400
  },
  {
    "campaign_id": "CAMP1265",
    "platform": "email",
    "start_date": "2025-09-04",
    "end_date": "2025-09-15",
    "target_zip": "07302",
    "target_demographic": "35-44",
    "ad_creative_id": "CREATIVE573",
    "impressions": 6693,
    "clicks": 241,
    "leads": 89,
    "appointments_booked": 45,
    "appointments_completed": 34,
    "total_spend": 434,
    "total_revenue": 13600,
    "cpl": 5,
    "cpa": 13,
    "roas": 31.33,
    "profit": 13166
  },
  {
    "campaign_id": "CAMP1266",
    "platform": "tiktok",
    "start_date": "2025-07-10",
    "end_date": "2025-09-27",
    "target_zip": "10021",
    "target_demographic": "55+",
    "ad_creative_id": "CREATIVE764",
    "impressions": 30159,
    "clicks": 793,
    "leads": 69,
    "appointments_booked": 48,
    "appointments_completed": 43,
    "total_spend": 8780,
    "total_revenue": 27950,
    "cpl": 127,
    "cpa": 204,
    "roas": 3.18,
    "profit": 19170
  },
  {
    "campaign_id": "CAMP1267",
    "platform": "referral",
    "start_date": "2025-08-01",
    "end_date": "2025-09-14",
    "target_zip": "11030",
    "target_demographic": "35-44",
    "ad_creative_id": "CREATIVE971",
    "impressions": 25768,
    "clicks": 572,
    "leads": 232,
    "appointments_booked": 162,
    "appointments_completed": 146,
    "total_spend": 0,
    "total_revenue": 94900,
    "cpl": 0,
    "cpa": 0,
    "roas": 0,
    "profit": 94900
  },
  {
    "campaign_id": "CAMP1268",
    "platform": "tiktok",
    "start_date": "2025-09-28",
    "end_date": "2025-09-03",
    "target_zip": "10453",
    "target_demographic": "35-44",
    "ad_creative_id": "CREATIVE164",
    "impressions": 27408,
    "clicks": 1064,
    "leads": 113,
    "appointments_booked": 57,
    "appointments_completed": 43,
    "total_spend": 13402,
    "total_revenue": 17200,
    "cpl": 119,
    "cpa": 312,
    "roas": 1.28,
    "profit": 3798
  },
  {
    "campaign_id": "CAMP1269",
    "platform": "google",
    "start_date": "2025-08-06",
    "end_date": "2025-09-06",
    "target_zip": "90210",
    "target_demographic": "25-34",
    "ad_creative_id": "CREATIVE573",
    "impressions": 29403,
    "clicks": 1220,
    "leads": 299,
    "appointments_booked": 209,
    "appointments_completed": 188,
    "total_spend": 30610,
    "total_revenue": 122200,
    "cpl": 102,
    "cpa": 163,
    "roas": 3.99,
    "profit": 91590
  },
  {
    "campaign_id": "CAMP1270",
    "platform": "google",
    "start_date": "2025-09-10",
    "end_date": "2025-09-15",
    "target_zip": "11030",
    "target_demographic": "25-34",
    "ad_creative_id": "CREATIVE459",
    "impressions": 11275,
    "clicks": 463,
    "leads": 115,
    "appointments_booked": 81,
    "appointments_completed": 73,
    "total_spend": 10634,
    "total_revenue": 47450,
    "cpl": 92,
    "cpa": 146,
    "roas": 4.46,
    "profit": 36816
  },
  {
    "campaign_id": "CAMP1271",
    "platform": "referral",
    "start_date": "2025-07-27",
    "end_date": "2025-09-12",
    "target_zip": "11030",
    "target_demographic": "45-54",
    "ad_creative_id": "CREATIVE142",
    "impressions": 10705,
    "clicks": 187,
    "leads": 75,
    "appointments_booked": 53,
    "appointments_completed": 48,
    "total_spend": 0,
    "total_revenue": 31200,
    "cpl": 0,
    "cpa": 0,
    "roas": 0,
    "profit": 31200
  },
  {
    "campaign_id": "CAMP1272",
    "platform": "referral",
    "start_date": "2025-09-28",
    "end_date": "2025-09-17",
    "target_zip": "07302",
    "target_demographic": "55+",
    "ad_creative_id": "CREATIVE647",
    "impressions": 32586,
    "clicks": 606,
    "leads": 278,
    "appointments_booked": 139,
    "appointments_completed": 104,
    "total_spend": 0,
    "total_revenue": 41600,
    "cpl": 0,
    "cpa": 0,
    "roas": 0,
    "profit": 41600
  },
  {
    "campaign_id": "CAMP1273",
    "platform": "tiktok",
    "start_date": "2025-07-05",
    "end_date": "2025-09-28",
    "target_zip": "11101",
    "target_demographic": "35-44",
    "ad_creative_id": "CREATIVE423",
    "impressions": 42774,
    "clicks": 1196,
    "leads": 124,
    "appointments_booked": 62,
    "appointments_completed": 47,
    "total_spend": 13987,
    "total_revenue": 18800,
    "cpl": 113,
    "cpa": 298,
    "roas": 1.34,
    "profit": 4813
  },
  {
    "campaign_id": "CAMP1274",
    "platform": "referral",
    "start_date": "2025-08-29",
    "end_date": "2025-09-01",
    "target_zip": "10021",
    "target_demographic": "25-34",
    "ad_creative_id": "CREATIVE773",
    "impressions": 16076,
    "clicks": 228,
    "leads": 94,
    "appointments_booked": 66,
    "appointments_completed": 59,
    "total_spend": 0,
    "total_revenue": 38350,
    "cpl": 0,
    "cpa": 0,
    "roas": 0,
    "profit": 38350
  },
  {
    "campaign_id": "CAMP1275",
    "platform": "google",
    "start_date": "2025-07-16",
    "end_date": "2025-09-20",
    "target_zip": "07302",
    "target_demographic": "45-54",
    "ad_creative_id": "CREATIVE574",
    "impressions": 11742,
    "clicks": 576,
    "leads": 136,
    "appointments_booked": 68,
    "appointments_completed": 51,
    "total_spend": 14066,
    "total_revenue": 20400,
    "cpl": 103,
    "cpa": 276,
    "roas": 1.45,
    "profit": 6334
  },
  {
    "campaign_id": "CAMP1276",
    "platform": "facebook",
    "start_date": "2025-09-22",
    "end_date": "2025-09-25",
    "target_zip": "11030",
    "target_demographic": "45-54",
    "ad_creative_id": "CREATIVE969",
    "impressions": 30015,
    "clicks": 951,
    "leads": 194,
    "appointments_booked": 136,
    "appointments_completed": 122,
    "total_spend": 13367,
    "total_revenue": 79300,
    "cpl": 69,
    "cpa": 110,
    "roas": 5.93,
    "profit": 65933
  },
  {
    "campaign_id": "CAMP1277",
    "platform": "email",
    "start_date": "2025-07-13",
    "end_date": "2025-09-24",
    "target_zip": "11211",
    "target_demographic": "45-54",
    "ad_creative_id": "CREATIVE490",
    "impressions": 21571,
    "clicks": 924,
    "leads": 293,
    "appointments_booked": 147,
    "appointments_completed": 110,
    "total_spend": 1690,
    "total_revenue": 44000,
    "cpl": 6,
    "cpa": 15,
    "roas": 26.03,
    "profit": 42310
  },
  {
    "campaign_id": "CAMP1278",
    "platform": "instagram",
    "start_date": "2025-08-17",
    "end_date": "2025-09-20",
    "target_zip": "11211",
    "target_demographic": "55+",
    "ad_creative_id": "CREATIVE551",
    "impressions": 12208,
    "clicks": 518,
    "leads": 92,
    "appointments_booked": 46,
    "appointments_completed": 35,
    "total_spend": 8964,
    "total_revenue": 14000,
    "cpl": 97,
    "cpa": 256,
    "roas": 1.56,
    "profit": 5036
  },
  {
    "campaign_id": "CAMP1279",
    "platform": "organic",
    "start_date": "2025-07-10",
    "end_date": "2025-09-20",
    "target_zip": "11101",
    "target_demographic": "25-34",
    "ad_creative_id": "CREATIVE971",
    "impressions": 31881,
    "clicks": 877,
    "leads": 306,
    "appointments_booked": 153,
    "appointments_completed": 115,
    "total_spend": 0,
    "total_revenue": 46000,
    "cpl": 0,
    "cpa": 0,
    "roas": 0,
    "profit": 46000
  },
  {
    "campaign_id": "CAMP1280",
    "platform": "facebook",
    "start_date": "2025-09-05",
    "end_date": "2025-09-19",
    "target_zip": "07302",
    "target_demographic": "45-54",
    "ad_creative_id": "CREATIVE925",
    "impressions": 20599,
    "clicks": 821,
    "leads": 123,
    "appointments_booked": 62,
    "appointments_completed": 47,
    "total_spend": 12746,
    "total_revenue": 18800,
    "cpl": 104,
    "cpa": 271,
    "roas": 1.48,
    "profit": 6054
  },
  {
    "campaign_id": "CAMP1281",
    "platform": "referral",
    "start_date": "2025-07-10",
    "end_date": "2025-09-10",
    "target_zip": "10021",
    "target_demographic": "35-44",
    "ad_creative_id": "CREATIVE553",
    "impressions": 20132,
    "clicks": 259,
    "leads": 133,
    "appointments_booked": 93,
    "appointments_completed": 84,
    "total_spend": 0,
    "total_revenue": 54600,
    "cpl": 0,
    "cpa": 0,
    "roas": 0,
    "profit": 54600
  },
  {
    "campaign_id": "CAMP1282",
    "platform": "google",
    "start_date": "2025-09-21",
    "end_date": "2025-09-21",
    "target_zip": "10453",
    "target_demographic": "45-54",
    "ad_creative_id": "CREATIVE184",
    "impressions": 24187,
    "clicks": 1354,
    "leads": 353,
    "appointments_booked": 177,
    "appointments_completed": 133,
    "total_spend": 33352,
    "total_revenue": 53200,
    "cpl": 94,
    "cpa": 251,
    "roas": 1.6,
    "profit": 19848
  },
  {
    "campaign_id": "CAMP1283",
    "platform": "tiktok",
    "start_date": "2025-09-04",
    "end_date": "2025-09-14",
    "target_zip": "07302",
    "target_demographic": "55+",
    "ad_creative_id": "CREATIVE161",
    "impressions": 7089,
    "clicks": 168,
    "leads": 18,
    "appointments_booked": 9,
    "appointments_completed": 7,
    "total_spend": 2062,
    "total_revenue": 2800,
    "cpl": 115,
    "cpa": 295,
    "roas": 1.36,
    "profit": 738
  },
  {
    "campaign_id": "CAMP1284",
    "platform": "instagram",
    "start_date": "2025-07-30",
    "end_date": "2025-09-02",
    "target_zip": "11211",
    "target_demographic": "25-34",
    "ad_creative_id": "CREATIVE151",
    "impressions": 37627,
    "clicks": 1392,
    "leads": 206,
    "appointments_booked": 103,
    "appointments_completed": 77,
    "total_spend": 24883,
    "total_revenue": 30800,
    "cpl": 121,
    "cpa": 323,
    "roas": 1.24,
    "profit": 5917
  },
  {
    "campaign_id": "CAMP1285",
    "platform": "tiktok",
    "start_date": "2025-07-14",
    "end_date": "2025-09-02",
    "target_zip": "10453",
    "target_demographic": "35-44",
    "ad_creative_id": "CREATIVE285",
    "impressions": 6581,
    "clicks": 239,
    "leads": 27,
    "appointments_booked": 14,
    "appointments_completed": 11,
    "total_spend": 2856,
    "total_revenue": 4400,
    "cpl": 106,
    "cpa": 260,
    "roas": 1.54,
    "profit": 1544
  },
  {
    "campaign_id": "CAMP1286",
    "platform": "organic",
    "start_date": "2025-09-19",
    "end_date": "2025-09-04",
    "target_zip": "10021",
    "target_demographic": "45-54",
    "ad_creative_id": "CREATIVE968",
    "impressions": 25271,
    "clicks": 391,
    "leads": 136,
    "appointments_booked": 95,
    "appointments_completed": 86,
    "total_spend": 0,
    "total_revenue": 55900,
    "cpl": 0,
    "cpa": 0,
    "roas": 0,
    "profit": 55900
  },
  {
    "campaign_id": "CAMP1287",
    "platform": "email",
    "start_date": "2025-08-05",
    "end_date": "2025-08-31",
    "target_zip": "11101",
    "target_demographic": "45-54",
    "ad_creative_id": "CREATIVE129",
    "impressions": 20971,
    "clicks": 763,
    "leads": 288,
    "appointments_booked": 144,
    "appointments_completed": 108,
    "total_spend": 1652,
    "total_revenue": 43200,
    "cpl": 6,
    "cpa": 15,
    "roas": 26.14,
    "profit": 41548
  },
  {
    "campaign_id": "CAMP1288",
    "platform": "referral",
    "start_date": "2025-09-04",
    "end_date": "2025-09-27",
    "target_zip": "11211",
    "target_demographic": "25-34",
    "ad_creative_id": "CREATIVE951",
    "impressions": 9620,
    "clicks": 268,
    "leads": 97,
    "appointments_booked": 49,
    "appointments_completed": 37,
    "total_spend": 0,
    "total_revenue": 14800,
    "cpl": 0,
    "cpa": 0,
    "roas": 0,
    "profit": 14800
  },
  {
    "campaign_id": "CAMP1289",
    "platform": "facebook",
    "start_date": "2025-08-25",
    "end_date": "2025-09-05",
    "target_zip": "07302",
    "target_demographic": "35-44",
    "ad_creative_id": "CREATIVE649",
    "impressions": 2320,
    "clicks": 80,
    "leads": 12,
    "appointments_booked": 6,
    "appointments_completed": 5,
    "total_spend": 1104,
    "total_revenue": 2000,
    "cpl": 92,
    "cpa": 221,
    "roas": 1.81,
    "profit": 896
  },
  {
    "campaign_id": "CAMP1290",
    "platform": "google",
    "start_date": "2025-09-18",
    "end_date": "2025-09-16",
    "target_zip": "90210",
    "target_demographic": "25-34",
    "ad_creative_id": "CREATIVE582",
    "impressions": 22171,
    "clicks": 1267,
    "leads": 270,
    "appointments_booked": 189,
    "appointments_completed": 170,
    "total_spend": 29498,
    "total_revenue": 110500,
    "cpl": 109,
    "cpa": 174,
    "roas": 3.75,
    "profit": 81002
  },
  {
    "campaign_id": "CAMP1291",
    "platform": "tiktok",
    "start_date": "2025-07-27",
    "end_date": "2025-09-04",
    "target_zip": "07302",
    "target_demographic": "35-44",
    "ad_creative_id": "CREATIVE943",
    "impressions": 6774,
    "clicks": 255,
    "leads": 22,
    "appointments_booked": 11,
    "appointments_completed": 8,
    "total_spend": 3366,
    "total_revenue": 3200,
    "cpl": 153,
    "cpa": 421,
    "roas": 0.95,
    "profit": -166
  },
  {
    "campaign_id": "CAMP1292",
    "platform": "tiktok",
    "start_date": "2025-09-26",
    "end_date": "2025-09-16",
    "target_zip": "10021",
    "target_demographic": "35-44",
    "ad_creative_id": "CREATIVE531",
    "impressions": 49235,
    "clicks": 2334,
    "leads": 239,
    "appointments_booked": 167,
    "appointments_completed": 150,
    "total_spend": 26414,
    "total_revenue": 97500,
    "cpl": 111,
    "cpa": 176,
    "roas": 3.69,
    "profit": 71086
  },
  {
    "campaign_id": "CAMP1293",
    "platform": "referral",
    "start_date": "2025-08-12",
    "end_date": "2025-09-08",
    "target_zip": "07302",
    "target_demographic": "45-54",
    "ad_creative_id": "CREATIVE433",
    "impressions": 20267,
    "clicks": 820,
    "leads": 424,
    "appointments_booked": 212,
    "appointments_completed": 159,
    "total_spend": 0,
    "total_revenue": 63600,
    "cpl": 0,
    "cpa": 0,
    "roas": 0,
    "profit": 63600
  },
  {
    "campaign_id": "CAMP1294",
    "platform": "referral",
    "start_date": "2025-08-17",
    "end_date": "2025-09-02",
    "target_zip": "90210",
    "target_demographic": "45-54",
    "ad_creative_id": "CREATIVE383",
    "impressions": 27772,
    "clicks": 1085,
    "leads": 479,
    "appointments_booked": 335,
    "appointments_completed": 302,
    "total_spend": 0,
    "total_revenue": 196300,
    "cpl": 0,
    "cpa": 0,
    "roas": 0,
    "profit": 196300
  },
  {
    "campaign_id": "CAMP1295",
    "platform": "tiktok",
    "start_date": "2025-08-04",
    "end_date": "2025-09-25",
    "target_zip": "11101",
    "target_demographic": "35-44",
    "ad_creative_id": "CREATIVE753",
    "impressions": 21412,
    "clicks": 295,
    "leads": 31,
    "appointments_booked": 16,
    "appointments_completed": 12,
    "total_spend": 3385,
    "total_revenue": 4800,
    "cpl": 109,
    "cpa": 282,
    "roas": 1.42,
    "profit": 1415
  },
  {
    "campaign_id": "CAMP1296",
    "platform": "tiktok",
    "start_date": "2025-07-08",
    "end_date": "2025-09-08",
    "target_zip": "07302",
    "target_demographic": "25-34",
    "ad_creative_id": "CREATIVE576",
    "impressions": 28731,
    "clicks": 662,
    "leads": 70,
    "appointments_booked": 35,
    "appointments_completed": 26,
    "total_spend": 7254,
    "total_revenue": 10400,
    "cpl": 104,
    "cpa": 279,
    "roas": 1.43,
    "profit": 3146
  },
  {
    "campaign_id": "CAMP1297",
    "platform": "referral",
    "start_date": "2025-09-13",
    "end_date": "2025-08-31",
    "target_zip": "11030",
    "target_demographic": "25-34",
    "ad_creative_id": "CREATIVE363",
    "impressions": 18453,
    "clicks": 601,
    "leads": 289,
    "appointments_booked": 202,
    "appointments_completed": 182,
    "total_spend": 0,
    "total_revenue": 118300,
    "cpl": 0,
    "cpa": 0,
    "roas": 0,
    "profit": 118300
  },
  {
    "campaign_id": "CAMP1298",
    "platform": "tiktok",
    "start_date": "2025-08-20",
    "end_date": "2025-09-09",
    "target_zip": "10453",
    "target_demographic": "45-54",
    "ad_creative_id": "CREATIVE951",
    "impressions": 41177,
    "clicks": 430,
    "leads": 43,
    "appointments_booked": 22,
    "appointments_completed": 17,
    "total_spend": 4827,
    "total_revenue": 6800,
    "cpl": 112,
    "cpa": 284,
    "roas": 1.41,
    "profit": 1973
  },
  {
    "campaign_id": "CAMP1299",
    "platform": "email",
    "start_date": "2025-09-19",
    "end_date": "2025-09-11",
    "target_zip": "10453",
    "target_demographic": "55+",
    "ad_creative_id": "CREATIVE753",
    "impressions": 13506,
    "clicks": 630,
    "leads": 201,
    "appointments_booked": 101,
    "appointments_completed": 76,
    "total_spend": 1141,
    "total_revenue": 30400,
    "cpl": 6,
    "cpa": 15,
    "roas": 26.64,
    "profit": 29259
  },
  {
    "campaign_id": "CAMP1300",
    "platform": "organic",
    "start_date": "2025-08-24",
    "end_date": "2025-09-14",
    "target_zip": "11030",
    "target_demographic": "35-44",
    "ad_creative_id": "CREATIVE572",
    "impressions": 43868,
    "clicks": 564,
    "leads": 189,
    "appointments_booked": 132,
    "appointments_completed": 119,
    "total_spend": 0,
    "total_revenue": 77350,
    "cpl": 0,
    "cpa": 0,
    "roas": 0,
    "profit": 77350
  },
  {
    "campaign_id": "CAMP1301",
    "platform": "instagram",
    "start_date": "2025-07-22",
    "end_date": "2025-09-16",
    "target_zip": "07302",
    "target_demographic": "55+",
    "ad_creative_id": "CREATIVE111",
    "impressions": 43497,
    "clicks": 1744,
    "leads": 248,
    "appointments_booked": 124,
    "appointments_completed": 93,
    "total_spend": 29198,
    "total_revenue": 37200,
    "cpl": 118,
    "cpa": 314,
    "roas": 1.27,
    "profit": 8002
  },
  {
    "campaign_id": "CAMP1302",
    "platform": "referral",
    "start_date": "2025-09-28",
    "end_date": "2025-09-02",
    "target_zip": "11101",
    "target_demographic": "35-44",
    "ad_creative_id": "CREATIVE235",
    "impressions": 48999,
    "clicks": 2282,
    "leads": 1052,
    "appointments_booked": 526,
    "appointments_completed": 395,
    "total_spend": 0,
    "total_revenue": 158000,
    "cpl": 0,
    "cpa": 0,
    "roas": 0,
    "profit": 158000
  },
  {
    "campaign_id": "CAMP1303",
    "platform": "tiktok",
    "start_date": "2025-08-23",
    "end_date": "2025-09-23",
    "target_zip": "10453",
    "target_demographic": "25-34",
    "ad_creative_id": "CREATIVE254",
    "impressions": 36641,
    "clicks": 1330,
    "leads": 138,
    "appointments_booked": 69,
    "appointments_completed": 52,
    "total_spend": 16582,
    "total_revenue": 20800,
    "cpl": 120,
    "cpa": 319,
    "roas": 1.25,
    "profit": 4218
  },
  {
    "campaign_id": "CAMP1304",
    "platform": "email",
    "start_date": "2025-07-24",
    "end_date": "2025-09-10",
    "target_zip": "11030",
    "target_demographic": "55+",
    "ad_creative_id": "CREATIVE929",
    "impressions": 12852,
    "clicks": 326,
    "leads": 93,
    "appointments_booked": 65,
    "appointments_completed": 59,
    "total_spend": 706,
    "total_revenue": 38350,
    "cpl": 8,
    "cpa": 12,
    "roas": 54.35,
    "profit": 37644
  },
  {
    "campaign_id": "CAMP1305",
    "platform": "organic",
    "start_date": "2025-07-31",
    "end_date": "2025-09-18",
    "target_zip": "11101",
    "target_demographic": "45-54",
    "ad_creative_id": "CREATIVE991",
    "impressions": 11279,
    "clicks": 438,
    "leads": 129,
    "appointments_booked": 65,
    "appointments_completed": 49,
    "total_spend": 0,
    "total_revenue": 19600,
    "cpl": 0,
    "cpa": 0,
    "roas": 0,
    "profit": 19600
  },
  {
    "campaign_id": "CAMP1306",
    "platform": "tiktok",
    "start_date": "2025-09-23",
    "end_date": "2025-09-17",
    "target_zip": "11101",
    "target_demographic": "45-54",
    "ad_creative_id": "CREATIVE702",
    "impressions": 43656,
    "clicks": 2123,
    "leads": 208,
    "appointments_booked": 104,
    "appointments_completed": 78,
    "total_spend": 23325,
    "total_revenue": 31200,
    "cpl": 112,
    "cpa": 299,
    "roas": 1.34,
    "profit": 7875
  },
  {
    "campaign_id": "CAMP1307",
    "platform": "referral",
    "start_date": "2025-07-28",
    "end_date": "2025-09-14",
    "target_zip": "11030",
    "target_demographic": "45-54",
    "ad_creative_id": "CREATIVE741",
    "impressions": 39374,
    "clicks": 1476,
    "leads": 645,
    "appointments_booked": 451,
    "appointments_completed": 406,
    "total_spend": 0,
    "total_revenue": 263900,
    "cpl": 0,
    "cpa": 0,
    "roas": 0,
    "profit": 263900
  },
  {
    "campaign_id": "CAMP1308",
    "platform": "referral",
    "start_date": "2025-07-24",
    "end_date": "2025-09-25",
    "target_zip": "11211",
    "target_demographic": "35-44",
    "ad_creative_id": "CREATIVE918",
    "impressions": 48553,
    "clicks": 910,
    "leads": 398,
    "appointments_booked": 199,
    "appointments_completed": 149,
    "total_spend": 0,
    "total_revenue": 59600,
    "cpl": 0,
    "cpa": 0,
    "roas": 0,
    "profit": 59600
  },
  {
    "campaign_id": "CAMP1309",
    "platform": "email",
    "start_date": "2025-07-20",
    "end_date": "2025-09-09",
    "target_zip": "10021",
    "target_demographic": "35-44",
    "ad_creative_id": "CREATIVE362",
    "impressions": 47402,
    "clicks": 729,
    "leads": 297,
    "appointments_booked": 208,
    "appointments_completed": 187,
    "total_spend": 1422,
    "total_revenue": 121550,
    "cpl": 5,
    "cpa": 8,
    "roas": 85.48,
    "profit": 120128
  },
  {
    "campaign_id": "CAMP1310",
    "platform": "tiktok",
    "start_date": "2025-08-31",
    "end_date": "2025-09-22",
    "target_zip": "07302",
    "target_demographic": "35-44",
    "ad_creative_id": "CREATIVE748",
    "impressions": 41991,
    "clicks": 1085,
    "leads": 108,
    "appointments_booked": 54,
    "appointments_completed": 41,
    "total_spend": 13411,
    "total_revenue": 16400,
    "cpl": 124,
    "cpa": 327,
    "roas": 1.22,
    "profit": 2989
  },
  {
    "campaign_id": "CAMP1311",
    "platform": "facebook",
    "start_date": "2025-09-22",
    "end_date": "2025-09-03",
    "target_zip": "07302",
    "target_demographic": "55+",
    "ad_creative_id": "CREATIVE132",
    "impressions": 20204,
    "clicks": 854,
    "leads": 161,
    "appointments_booked": 81,
    "appointments_completed": 61,
    "total_spend": 12778,
    "total_revenue": 24400,
    "cpl": 79,
    "cpa": 209,
    "roas": 1.91,
    "profit": 11622
  },
  {
    "campaign_id": "CAMP1312",
    "platform": "instagram",
    "start_date": "2025-09-29",
    "end_date": "2025-09-10",
    "target_zip": "11030",
    "target_demographic": "25-34",
    "ad_creative_id": "CREATIVE193",
    "impressions": 24101,
    "clicks": 451,
    "leads": 59,
    "appointments_booked": 41,
    "appointments_completed": 37,
    "total_spend": 8208,
    "total_revenue": 24050,
    "cpl": 139,
    "cpa": 222,
    "roas": 2.93,
    "profit": 15842
  },
  {
    "campaign_id": "CAMP1313",
    "platform": "tiktok",
    "start_date": "2025-07-18",
    "end_date": "2025-09-23",
    "target_zip": "07302",
    "target_demographic": "25-34",
    "ad_creative_id": "CREATIVE529",
    "impressions": 47162,
    "clicks": 1665,
    "leads": 134,
    "appointments_booked": 67,
    "appointments_completed": 50,
    "total_spend": 19189,
    "total_revenue": 20000,
    "cpl": 143,
    "cpa": 384,
    "roas": 1.04,
    "profit": 811
  },
  {
    "campaign_id": "CAMP1314",
    "platform": "facebook",
    "start_date": "2025-07-07",
    "end_date": "2025-09-29",
    "target_zip": "11211",
    "target_demographic": "35-44",
    "ad_creative_id": "CREATIVE947",
    "impressions": 9636,
    "clicks": 199,
    "leads": 39,
    "appointments_booked": 20,
    "appointments_completed": 15,
    "total_spend": 3262,
    "total_revenue": 6000,
    "cpl": 84,
    "cpa": 217,
    "roas": 1.84,
    "profit": 2738
  },
  {
    "campaign_id": "CAMP1315",
    "platform": "instagram",
    "start_date": "2025-08-05",
    "end_date": "2025-09-08",
    "target_zip": "07302",
    "target_demographic": "25-34",
    "ad_creative_id": "CREATIVE560",
    "impressions": 3347,
    "clicks": 162,
    "leads": 28,
    "appointments_booked": 14,
    "appointments_completed": 11,
    "total_spend": 3016,
    "total_revenue": 4400,
    "cpl": 108,
    "cpa": 274,
    "roas": 1.46,
    "profit": 1384
  },
  {
    "campaign_id": "CAMP1316",
    "platform": "facebook",
    "start_date": "2025-07-14",
    "end_date": "2025-09-30",
    "target_zip": "11211",
    "target_demographic": "25-34",
    "ad_creative_id": "CREATIVE314",
    "impressions": 15419,
    "clicks": 558,
    "leads": 116,
    "appointments_booked": 58,
    "appointments_completed": 44,
    "total_spend": 8658,
    "total_revenue": 17600,
    "cpl": 75,
    "cpa": 197,
    "roas": 2.03,
    "profit": 8942
  },
  {
    "campaign_id": "CAMP1317",
    "platform": "facebook",
    "start_date": "2025-09-20",
    "end_date": "2025-09-06",
    "target_zip": "90210",
    "target_demographic": "45-54",
    "ad_creative_id": "CREATIVE222",
    "impressions": 27749,
    "clicks": 866,
    "leads": 142,
    "appointments_booked": 99,
    "appointments_completed": 89,
    "total_spend": 12532,
    "total_revenue": 57850,
    "cpl": 88,
    "cpa": 141,
    "roas": 4.62,
    "profit": 45318
  },
  {
    "campaign_id": "CAMP1318",
    "platform": "facebook",
    "start_date": "2025-07-07",
    "end_date": "2025-09-08",
    "target_zip": "90210",
    "target_demographic": "45-54",
    "ad_creative_id": "CREATIVE630",
    "impressions": 13068,
    "clicks": 165,
    "leads": 33,
    "appointments_booked": 23,
    "appointments_completed": 21,
    "total_spend": 2429,
    "total_revenue": 13650,
    "cpl": 74,
    "cpa": 116,
    "roas": 5.62,
    "profit": 11221
  },
  {
    "campaign_id": "CAMP1319",
    "platform": "organic",
    "start_date": "2025-07-03",
    "end_date": "2025-09-26",
    "target_zip": "90210",
    "target_demographic": "45-54",
    "ad_creative_id": "CREATIVE926",
    "impressions": 21785,
    "clicks": 654,
    "leads": 166,
    "appointments_booked": 116,
    "appointments_completed": 104,
    "total_spend": 0,
    "total_revenue": 67600,
    "cpl": 0,
    "cpa": 0,
    "roas": 0,
    "profit": 67600
  },
  {
    "campaign_id": "CAMP1320",
    "platform": "facebook",
    "start_date": "2025-08-04",
    "end_date": "2025-08-31",
    "target_zip": "10021",
    "target_demographic": "25-34",
    "ad_creative_id": "CREATIVE939",
    "impressions": 12004,
    "clicks": 530,
    "leads": 108,
    "appointments_booked": 76,
    "appointments_completed": 68,
    "total_spend": 8158,
    "total_revenue": 44200,
    "cpl": 76,
    "cpa": 120,
    "roas": 5.42,
    "profit": 36042
  },
  {
    "campaign_id": "CAMP1321",
    "platform": "tiktok",
    "start_date": "2025-08-24",
    "end_date": "2025-09-15",
    "target_zip": "07302",
    "target_demographic": "55+",
    "ad_creative_id": "CREATIVE334",
    "impressions": 23247,
    "clicks": 488,
    "leads": 43,
    "appointments_booked": 22,
    "appointments_completed": 17,
    "total_spend": 6192,
    "total_revenue": 6800,
    "cpl": 144,
    "cpa": 364,
    "roas": 1.1,
    "profit": 608
  },
  {
    "campaign_id": "CAMP1322",
    "platform": "referral",
    "start_date": "2025-08-23",
    "end_date": "2025-08-31",
    "target_zip": "11030",
    "target_demographic": "45-54",
    "ad_creative_id": "CREATIVE886",
    "impressions": 43477,
    "clicks": 1284,
    "leads": 560,
    "appointments_booked": 392,
    "appointments_completed": 353,
    "total_spend": 0,
    "total_revenue": 229450,
    "cpl": 0,
    "cpa": 0,
    "roas": 0,
    "profit": 229450
  },
  {
    "campaign_id": "CAMP1323",
    "platform": "organic",
    "start_date": "2025-07-02",
    "end_date": "2025-09-22",
    "target_zip": "11211",
    "target_demographic": "25-34",
    "ad_creative_id": "CREATIVE895",
    "impressions": 2895,
    "clicks": 113,
    "leads": 39,
    "appointments_booked": 20,
    "appointments_completed": 15,
    "total_spend": 0,
    "total_revenue": 6000,
    "cpl": 0,
    "cpa": 0,
    "roas": 0,
    "profit": 6000
  },
  {
    "campaign_id": "CAMP1324",
    "platform": "email",
    "start_date": "2025-09-21",
    "end_date": "2025-09-03",
    "target_zip": "11101",
    "target_demographic": "45-54",
    "ad_creative_id": "CREATIVE189",
    "impressions": 41313,
    "clicks": 1219,
    "leads": 418,
    "appointments_booked": 209,
    "appointments_completed": 157,
    "total_spend": 2407,
    "total_revenue": 62800,
    "cpl": 6,
    "cpa": 15,
    "roas": 26.09,
    "profit": 60393
  },
  {
    "campaign_id": "CAMP1325",
    "platform": "tiktok",
    "start_date": "2025-09-20",
    "end_date": "2025-09-16",
    "target_zip": "11101",
    "target_demographic": "45-54",
    "ad_creative_id": "CREATIVE343",
    "impressions": 17882,
    "clicks": 576,
    "leads": 54,
    "appointments_booked": 27,
    "appointments_completed": 20,
    "total_spend": 7388,
    "total_revenue": 8000,
    "cpl": 137,
    "cpa": 369,
    "roas": 1.08,
    "profit": 612
  },
  {
    "campaign_id": "CAMP1326",
    "platform": "tiktok",
    "start_date": "2025-09-14",
    "end_date": "2025-09-28",
    "target_zip": "11211",
    "target_demographic": "55+",
    "ad_creative_id": "CREATIVE605",
    "impressions": 46136,
    "clicks": 1755,
    "leads": 190,
    "appointments_booked": 95,
    "appointments_completed": 71,
    "total_spend": 19622,
    "total_revenue": 28400,
    "cpl": 103,
    "cpa": 276,
    "roas": 1.45,
    "profit": 8778
  },
  {
    "campaign_id": "CAMP1327",
    "platform": "instagram",
    "start_date": "2025-07-31",
    "end_date": "2025-09-13",
    "target_zip": "10453",
    "target_demographic": "25-34",
    "ad_creative_id": "CREATIVE547",
    "impressions": 15866,
    "clicks": 755,
    "leads": 121,
    "appointments_booked": 61,
    "appointments_completed": 46,
    "total_spend": 12236,
    "total_revenue": 18400,
    "cpl": 101,
    "cpa": 266,
    "roas": 1.5,
    "profit": 6164
  },
  {
    "campaign_id": "CAMP1328",
    "platform": "instagram",
    "start_date": "2025-07-15",
    "end_date": "2025-09-22",
    "target_zip": "90210",
    "target_demographic": "45-54",
    "ad_creative_id": "CREATIVE259",
    "impressions": 31010,
    "clicks": 1457,
    "leads": 199,
    "appointments_booked": 139,
    "appointments_completed": 125,
    "total_spend": 24575,
    "total_revenue": 81250,
    "cpl": 123,
    "cpa": 197,
    "roas": 3.31,
    "profit": 56675
  },
  {
    "campaign_id": "CAMP1329",
    "platform": "facebook",
    "start_date": "2025-07-03",
    "end_date": "2025-09-09",
    "target_zip": "11101",
    "target_demographic": "25-34",
    "ad_creative_id": "CREATIVE208",
    "impressions": 39292,
    "clicks": 570,
    "leads": 91,
    "appointments_booked": 46,
    "appointments_completed": 35,
    "total_spend": 9148,
    "total_revenue": 14000,
    "cpl": 101,
    "cpa": 261,
    "roas": 1.53,
    "profit": 4852
  },
  {
    "campaign_id": "CAMP1330",
    "platform": "email",
    "start_date": "2025-09-15",
    "end_date": "2025-09-16",
    "target_zip": "11211",
    "target_demographic": "35-44",
    "ad_creative_id": "CREATIVE782",
    "impressions": 43714,
    "clicks": 1598,
    "leads": 665,
    "appointments_booked": 333,
    "appointments_completed": 250,
    "total_spend": 3110,
    "total_revenue": 100000,
    "cpl": 5,
    "cpa": 12,
    "roas": 32.16,
    "profit": 96890
  },
  {
    "campaign_id": "CAMP1331",
    "platform": "tiktok",
    "start_date": "2025-08-07",
    "end_date": "2025-09-03",
    "target_zip": "11211",
    "target_demographic": "25-34",
    "ad_creative_id": "CREATIVE265",
    "impressions": 42505,
    "clicks": 1717,
    "leads": 141,
    "appointments_booked": 71,
    "appointments_completed": 53,
    "total_spend": 20785,
    "total_revenue": 21200,
    "cpl": 147,
    "cpa": 392,
    "roas": 1.02,
    "profit": 415
  },
  {
    "campaign_id": "CAMP1332",
    "platform": "facebook",
    "start_date": "2025-07-05",
    "end_date": "2025-09-21",
    "target_zip": "10453",
    "target_demographic": "35-44",
    "ad_creative_id": "CREATIVE989",
    "impressions": 30366,
    "clicks": 965,
    "leads": 150,
    "appointments_booked": 75,
    "appointments_completed": 56,
    "total_spend": 13895,
    "total_revenue": 22400,
    "cpl": 93,
    "cpa": 248,
    "roas": 1.61,
    "profit": 8505
  },
  {
    "campaign_id": "CAMP1333",
    "platform": "referral",
    "start_date": "2025-09-16",
    "end_date": "2025-09-12",
    "target_zip": "07302",
    "target_demographic": "35-44",
    "ad_creative_id": "CREATIVE447",
    "impressions": 6185,
    "clicks": 84,
    "leads": 40,
    "appointments_booked": 20,
    "appointments_completed": 15,
    "total_spend": 0,
    "total_revenue": 6000,
    "cpl": 0,
    "cpa": 0,
    "roas": 0,
    "profit": 6000
  },
  {
    "campaign_id": "CAMP1334",
    "platform": "referral",
    "start_date": "2025-07-02",
    "end_date": "2025-09-09",
    "target_zip": "90210",
    "target_demographic": "25-34",
    "ad_creative_id": "CREATIVE720",
    "impressions": 43804,
    "clicks": 1436,
    "leads": 682,
    "appointments_booked": 477,
    "appointments_completed": 429,
    "total_spend": 0,
    "total_revenue": 278850,
    "cpl": 0,
    "cpa": 0,
    "roas": 0,
    "profit": 278850
  },
  {
    "campaign_id": "CAMP1335",
    "platform": "tiktok",
    "start_date": "2025-08-26",
    "end_date": "2025-09-22",
    "target_zip": "10453",
    "target_demographic": "45-54",
    "ad_creative_id": "CREATIVE628",
    "impressions": 16334,
    "clicks": 250,
    "leads": 22,
    "appointments_booked": 11,
    "appointments_completed": 8,
    "total_spend": 2728,
    "total_revenue": 3200,
    "cpl": 124,
    "cpa": 341,
    "roas": 1.17,
    "profit": 472
  },
  {
    "campaign_id": "CAMP1336",
    "platform": "google",
    "start_date": "2025-08-29",
    "end_date": "2025-09-17",
    "target_zip": "11030",
    "target_demographic": "35-44",
    "ad_creative_id": "CREATIVE230",
    "impressions": 25170,
    "clicks": 394,
    "leads": 98,
    "appointments_booked": 69,
    "appointments_completed": 62,
    "total_spend": 9890,
    "total_revenue": 40300,
    "cpl": 101,
    "cpa": 160,
    "roas": 4.07,
    "profit": 30410
  },
  {
    "campaign_id": "CAMP1337",
    "platform": "instagram",
    "start_date": "2025-07-15",
    "end_date": "2025-09-24",
    "target_zip": "11030",
    "target_demographic": "35-44",
    "ad_creative_id": "CREATIVE311",
    "impressions": 32536,
    "clicks": 846,
    "leads": 123,
    "appointments_booked": 86,
    "appointments_completed": 77,
    "total_spend": 15244,
    "total_revenue": 50050,
    "cpl": 124,
    "cpa": 198,
    "roas": 3.28,
    "profit": 34806
  },
  {
    "campaign_id": "CAMP1338",
    "platform": "referral",
    "start_date": "2025-08-26",
    "end_date": "2025-09-17",
    "target_zip": "10021",
    "target_demographic": "35-44",
    "ad_creative_id": "CREATIVE214",
    "impressions": 5187,
    "clicks": 232,
    "leads": 123,
    "appointments_booked": 86,
    "appointments_completed": 77,
    "total_spend": 0,
    "total_revenue": 50050,
    "cpl": 0,
    "cpa": 0,
    "roas": 0,
    "profit": 50050
  },
  {
    "campaign_id": "CAMP1339",
    "platform": "email",
    "start_date": "2025-07-14",
    "end_date": "2025-09-18",
    "target_zip": "10021",
    "target_demographic": "35-44",
    "ad_creative_id": "CREATIVE597",
    "impressions": 11301,
    "clicks": 494,
    "leads": 188,
    "appointments_booked": 132,
    "appointments_completed": 119,
    "total_spend": 921,
    "total_revenue": 77350,
    "cpl": 5,
    "cpa": 8,
    "roas": 84.02,
    "profit": 76429
  },
  {
    "campaign_id": "CAMP1340",
    "platform": "google",
    "start_date": "2025-09-24",
    "end_date": "2025-09-22",
    "target_zip": "11101",
    "target_demographic": "55+",
    "ad_creative_id": "CREATIVE421",
    "impressions": 42682,
    "clicks": 2723,
    "leads": 626,
    "appointments_booked": 313,
    "appointments_completed": 235,
    "total_spend": 73112,
    "total_revenue": 94000,
    "cpl": 117,
    "cpa": 311,
    "roas": 1.29,
    "profit": 20888
  },
  {
    "campaign_id": "CAMP1341",
    "platform": "instagram",
    "start_date": "2025-07-17",
    "end_date": "2025-09-07",
    "target_zip": "11101",
    "target_demographic": "55+",
    "ad_creative_id": "CREATIVE238",
    "impressions": 39454,
    "clicks": 1755,
    "leads": 290,
    "appointments_booked": 145,
    "appointments_completed": 109,
    "total_spend": 33315,
    "total_revenue": 43600,
    "cpl": 115,
    "cpa": 306,
    "roas": 1.31,
    "profit": 10285
  },
  {
    "campaign_id": "CAMP1342",
    "platform": "organic",
    "start_date": "2025-08-29",
    "end_date": "2025-09-20",
    "target_zip": "07302",
    "target_demographic": "45-54",
    "ad_creative_id": "CREATIVE827",
    "impressions": 10880,
    "clicks": 442,
    "leads": 145,
    "appointments_booked": 73,
    "appointments_completed": 55,
    "total_spend": 0,
    "total_revenue": 22000,
    "cpl": 0,
    "cpa": 0,
    "roas": 0,
    "profit": 22000
  },
  {
    "campaign_id": "CAMP1343",
    "platform": "email",
    "start_date": "2025-09-13",
    "end_date": "2025-09-16",
    "target_zip": "10453",
    "target_demographic": "45-54",
    "ad_creative_id": "CREATIVE530",
    "impressions": 1640,
    "clicks": 61,
    "leads": 19,
    "appointments_booked": 10,
    "appointments_completed": 8,
    "total_spend": 117,
    "total_revenue": 3200,
    "cpl": 6,
    "cpa": 15,
    "roas": 27.29,
    "profit": 3083
  },
  {
    "campaign_id": "CAMP1344",
    "platform": "email",
    "start_date": "2025-09-09",
    "end_date": "2025-09-17",
    "target_zip": "07302",
    "target_demographic": "55+",
    "ad_creative_id": "CREATIVE874",
    "impressions": 16281,
    "clicks": 301,
    "leads": 117,
    "appointments_booked": 59,
    "appointments_completed": 44,
    "total_spend": 569,
    "total_revenue": 17600,
    "cpl": 5,
    "cpa": 13,
    "roas": 30.91,
    "profit": 17031
  },
  {
    "campaign_id": "CAMP1345",
    "platform": "facebook",
    "start_date": "2025-07-05",
    "end_date": "2025-09-02",
    "target_zip": "07302",
    "target_demographic": "55+",
    "ad_creative_id": "CREATIVE126",
    "impressions": 19897,
    "clicks": 831,
    "leads": 161,
    "appointments_booked": 81,
    "appointments_completed": 61,
    "total_spend": 12621,
    "total_revenue": 24400,
    "cpl": 78,
    "cpa": 207,
    "roas": 1.93,
    "profit": 11779
  },
  {
    "campaign_id": "CAMP1346",
    "platform": "instagram",
    "start_date": "2025-09-02",
    "end_date": "2025-09-20",
    "target_zip": "10021",
    "target_demographic": "55+",
    "ad_creative_id": "CREATIVE985",
    "impressions": 2418,
    "clicks": 85,
    "leads": 15,
    "appointments_booked": 11,
    "appointments_completed": 10,
    "total_spend": 1597,
    "total_revenue": 6500,
    "cpl": 106,
    "cpa": 160,
    "roas": 4.07,
    "profit": 4903
  },
  {
    "campaign_id": "CAMP1347",
    "platform": "referral",
    "start_date": "2025-09-13",
    "end_date": "2025-09-08",
    "target_zip": "10021",
    "target_demographic": "35-44",
    "ad_creative_id": "CREATIVE640",
    "impressions": 35062,
    "clicks": 686,
    "leads": 353,
    "appointments_booked": 247,
    "appointments_completed": 222,
    "total_spend": 0,
    "total_revenue": 144300,
    "cpl": 0,
    "cpa": 0,
    "roas": 0,
    "profit": 144300
  },
  {
    "campaign_id": "CAMP1348",
    "platform": "tiktok",
    "start_date": "2025-09-23",
    "end_date": "2025-09-20",
    "target_zip": "10021",
    "target_demographic": "45-54",
    "ad_creative_id": "CREATIVE553",
    "impressions": 39700,
    "clicks": 1944,
    "leads": 233,
    "appointments_booked": 163,
    "appointments_completed": 147,
    "total_spend": 21426,
    "total_revenue": 95550,
    "cpl": 92,
    "cpa": 146,
    "roas": 4.46,
    "profit": 74124
  },
  {
    "campaign_id": "CAMP1349",
    "platform": "tiktok",
    "start_date": "2025-08-08",
    "end_date": "2025-09-19",
    "target_zip": "10021",
    "target_demographic": "35-44",
    "ad_creative_id": "CREATIVE339",
    "impressions": 5471,
    "clicks": 193,
    "leads": 17,
    "appointments_booked": 12,
    "appointments_completed": 11,
    "total_spend": 2266,
    "total_revenue": 7150,
    "cpl": 133,
    "cpa": 206,
    "roas": 3.15,
    "profit": 4884
  },
  {
    "campaign_id": "CAMP1350",
    "platform": "tiktok",
    "start_date": "2025-07-08",
    "end_date": "2025-09-15",
    "target_zip": "11101",
    "target_demographic": "35-44",
    "ad_creative_id": "CREATIVE210",
    "impressions": 19147,
    "clicks": 798,
    "leads": 70,
    "appointments_booked": 35,
    "appointments_completed": 26,
    "total_spend": 10123,
    "total_revenue": 10400,
    "cpl": 145,
    "cpa": 389,
    "roas": 1.03,
    "profit": 277
  },
  {
    "campaign_id": "CAMP1351",
    "platform": "organic",
    "start_date": "2025-08-23",
    "end_date": "2025-09-07",
    "target_zip": "10453",
    "target_demographic": "45-54",
    "ad_creative_id": "CREATIVE655",
    "impressions": 21855,
    "clicks": 745,
    "leads": 227,
    "appointments_booked": 114,
    "appointments_completed": 86,
    "total_spend": 0,
    "total_revenue": 34400,
    "cpl": 0,
    "cpa": 0,
    "roas": 0,
    "profit": 34400
  },
  {
    "campaign_id": "CAMP1352",
    "platform": "organic",
    "start_date": "2025-08-24",
    "end_date": "2025-09-07",
    "target_zip": "90210",
    "target_demographic": "55+",
    "ad_creative_id": "CREATIVE303",
    "impressions": 40012,
    "clicks": 1578,
    "leads": 418,
    "appointments_booked": 293,
    "appointments_completed": 264,
    "total_spend": 0,
    "total_revenue": 171600,
    "cpl": 0,
    "cpa": 0,
    "roas": 0,
    "profit": 171600
  },
  {
    "campaign_id": "CAMP1353",
    "platform": "email",
    "start_date": "2025-08-23",
    "end_date": "2025-09-05",
    "target_zip": "10021",
    "target_demographic": "35-44",
    "ad_creative_id": "CREATIVE414",
    "impressions": 46254,
    "clicks": 1834,
    "leads": 599,
    "appointments_booked": 419,
    "appointments_completed": 377,
    "total_spend": 3850,
    "total_revenue": 245050,
    "cpl": 6,
    "cpa": 10,
    "roas": 63.64,
    "profit": 241200
  },
  {
    "campaign_id": "CAMP1354",
    "platform": "google",
    "start_date": "2025-09-18",
    "end_date": "2025-09-05",
    "target_zip": "11101",
    "target_demographic": "35-44",
    "ad_creative_id": "CREATIVE476",
    "impressions": 33355,
    "clicks": 615,
    "leads": 155,
    "appointments_booked": 78,
    "appointments_completed": 59,
    "total_spend": 15801,
    "total_revenue": 23600,
    "cpl": 102,
    "cpa": 268,
    "roas": 1.49,
    "profit": 7799
  },
  {
    "campaign_id": "CAMP1355",
    "platform": "organic",
    "start_date": "2025-09-03",
    "end_date": "2025-09-12",
    "target_zip": "10021",
    "target_demographic": "25-34",
    "ad_creative_id": "CREATIVE434",
    "impressions": 5533,
    "clicks": 115,
    "leads": 30,
    "appointments_booked": 21,
    "appointments_completed": 19,
    "total_spend": 0,
    "total_revenue": 12350,
    "cpl": 0,
    "cpa": 0,
    "roas": 0,
    "profit": 12350
  },
  {
    "campaign_id": "CAMP1356",
    "platform": "instagram",
    "start_date": "2025-09-21",
    "end_date": "2025-09-22",
    "target_zip": "11101",
    "target_demographic": "35-44",
    "ad_creative_id": "CREATIVE503",
    "impressions": 38584,
    "clicks": 1110,
    "leads": 181,
    "appointments_booked": 91,
    "appointments_completed": 68,
    "total_spend": 21116,
    "total_revenue": 27200,
    "cpl": 117,
    "cpa": 311,
    "roas": 1.29,
    "profit": 6084
  },
  {
    "campaign_id": "CAMP1357",
    "platform": "referral",
    "start_date": "2025-08-02",
    "end_date": "2025-09-20",
    "target_zip": "10453",
    "target_demographic": "35-44",
    "ad_creative_id": "CREATIVE520",
    "impressions": 5511,
    "clicks": 103,
    "leads": 45,
    "appointments_booked": 23,
    "appointments_completed": 17,
    "total_spend": 0,
    "total_revenue": 6800,
    "cpl": 0,
    "cpa": 0,
    "roas": 0,
    "profit": 6800
  },
  {
    "campaign_id": "CAMP1358",
    "platform": "instagram",
    "start_date": "2025-09-20",
    "end_date": "2025-09-15",
    "target_zip": "11030",
    "target_demographic": "55+",
    "ad_creative_id": "CREATIVE244",
    "impressions": 34605,
    "clicks": 1315,
    "leads": 197,
    "appointments_booked": 138,
    "appointments_completed": 124,
    "total_spend": 21868,
    "total_revenue": 80600,
    "cpl": 111,
    "cpa": 176,
    "roas": 3.69,
    "profit": 58732
  },
  {
    "campaign_id": "CAMP1359",
    "platform": "email",
    "start_date": "2025-09-07",
    "end_date": "2025-09-07",
    "target_zip": "10021",
    "target_demographic": "35-44",
    "ad_creative_id": "CREATIVE403",
    "impressions": 16935,
    "clicks": 798,
    "leads": 312,
    "appointments_booked": 218,
    "appointments_completed": 196,
    "total_spend": 1697,
    "total_revenue": 127400,
    "cpl": 5,
    "cpa": 9,
    "roas": 75.07,
    "profit": 125703
  },
  {
    "campaign_id": "CAMP1360",
    "platform": "organic",
    "start_date": "2025-09-19",
    "end_date": "2025-09-26",
    "target_zip": "07302",
    "target_demographic": "45-54",
    "ad_creative_id": "CREATIVE850",
    "impressions": 11596,
    "clicks": 522,
    "leads": 163,
    "appointments_booked": 82,
    "appointments_completed": 62,
    "total_spend": 0,
    "total_revenue": 24800,
    "cpl": 0,
    "cpa": 0,
    "roas": 0,
    "profit": 24800
  },
  {
    "campaign_id": "CAMP1361",
    "platform": "tiktok",
    "start_date": "2025-09-11",
    "end_date": "2025-09-23",
    "target_zip": "10453",
    "target_demographic": "25-34",
    "ad_creative_id": "CREATIVE522",
    "impressions": 16471,
    "clicks": 347,
    "leads": 39,
    "appointments_booked": 20,
    "appointments_completed": 15,
    "total_spend": 4364,
    "total_revenue": 6000,
    "cpl": 112,
    "cpa": 291,
    "roas": 1.37,
    "profit": 1636
  },
  {
    "campaign_id": "CAMP1362",
    "platform": "email",
    "start_date": "2025-07-04",
    "end_date": "2025-09-18",
    "target_zip": "10021",
    "target_demographic": "25-34",
    "ad_creative_id": "CREATIVE102",
    "impressions": 4616,
    "clicks": 110,
    "leads": 42,
    "appointments_booked": 29,
    "appointments_completed": 26,
    "total_spend": 209,
    "total_revenue": 16900,
    "cpl": 5,
    "cpa": 8,
    "roas": 80.87,
    "profit": 16691
  },
  {
    "campaign_id": "CAMP1363",
    "platform": "organic",
    "start_date": "2025-07-07",
    "end_date": "2025-09-29",
    "target_zip": "11030",
    "target_demographic": "45-54",
    "ad_creative_id": "CREATIVE565",
    "impressions": 22759,
    "clicks": 1052,
    "leads": 309,
    "appointments_booked": 216,
    "appointments_completed": 194,
    "total_spend": 0,
    "total_revenue": 126100,
    "cpl": 0,
    "cpa": 0,
    "roas": 0,
    "profit": 126100
  },
  {
    "campaign_id": "CAMP1364",
    "platform": "facebook",
    "start_date": "2025-07-18",
    "end_date": "2025-09-20",
    "target_zip": "90210",
    "target_demographic": "45-54",
    "ad_creative_id": "CREATIVE712",
    "impressions": 13674,
    "clicks": 601,
    "leads": 118,
    "appointments_booked": 83,
    "appointments_completed": 75,
    "total_spend": 9522,
    "total_revenue": 48750,
    "cpl": 81,
    "cpa": 127,
    "roas": 5.12,
    "profit": 39228
  },
  {
    "campaign_id": "CAMP1365",
    "platform": "google",
    "start_date": "2025-08-19",
    "end_date": "2025-09-16",
    "target_zip": "07302",
    "target_demographic": "25-34",
    "ad_creative_id": "CREATIVE292",
    "impressions": 46302,
    "clicks": 3035,
    "leads": 768,
    "appointments_booked": 384,
    "appointments_completed": 288,
    "total_spend": 74292,
    "total_revenue": 115200,
    "cpl": 97,
    "cpa": 258,
    "roas": 1.55,
    "profit": 40908
  },
  {
    "campaign_id": "CAMP1366",
    "platform": "instagram",
    "start_date": "2025-08-11",
    "end_date": "2025-09-29",
    "target_zip": "90210",
    "target_demographic": "55+",
    "ad_creative_id": "CREATIVE987",
    "impressions": 26119,
    "clicks": 455,
    "leads": 59,
    "appointments_booked": 41,
    "appointments_completed": 37,
    "total_spend": 7651,
    "total_revenue": 24050,
    "cpl": 130,
    "cpa": 207,
    "roas": 3.14,
    "profit": 16399
  },
  {
    "campaign_id": "CAMP1367",
    "platform": "instagram",
    "start_date": "2025-09-17",
    "end_date": "2025-09-05",
    "target_zip": "10021",
    "target_demographic": "25-34",
    "ad_creative_id": "CREATIVE315",
    "impressions": 37785,
    "clicks": 1312,
    "leads": 171,
    "appointments_booked": 120,
    "appointments_completed": 108,
    "total_spend": 23126,
    "total_revenue": 70200,
    "cpl": 135,
    "cpa": 214,
    "roas": 3.04,
    "profit": 47074
  },
  {
    "campaign_id": "CAMP1368",
    "platform": "email",
    "start_date": "2025-07-10",
    "end_date": "2025-09-30",
    "target_zip": "10021",
    "target_demographic": "25-34",
    "ad_creative_id": "CREATIVE578",
    "impressions": 34565,
    "clicks": 1534,
    "leads": 610,
    "appointments_booked": 427,
    "appointments_completed": 384,
    "total_spend": 3034,
    "total_revenue": 249600,
    "cpl": 5,
    "cpa": 8,
    "roas": 82.26,
    "profit": 246566
  },
  {
    "campaign_id": "CAMP1369",
    "platform": "referral",
    "start_date": "2025-07-09",
    "end_date": "2025-09-17",
    "target_zip": "11211",
    "target_demographic": "25-34",
    "ad_creative_id": "CREATIVE523",
    "impressions": 29597,
    "clicks": 1398,
    "leads": 590,
    "appointments_booked": 295,
    "appointments_completed": 221,
    "total_spend": 0,
    "total_revenue": 88400,
    "cpl": 0,
    "cpa": 0,
    "roas": 0,
    "profit": 88400
  },
  {
    "campaign_id": "CAMP1370",
    "platform": "facebook",
    "start_date": "2025-08-16",
    "end_date": "2025-09-10",
    "target_zip": "90210",
    "target_demographic": "45-54",
    "ad_creative_id": "CREATIVE933",
    "impressions": 19209,
    "clicks": 488,
    "leads": 95,
    "appointments_booked": 67,
    "appointments_completed": 60,
    "total_spend": 7520,
    "total_revenue": 39000,
    "cpl": 79,
    "cpa": 125,
    "roas": 5.19,
    "profit": 31480
  },
  {
    "campaign_id": "CAMP1371",
    "platform": "referral",
    "start_date": "2025-09-25",
    "end_date": "2025-09-01",
    "target_zip": "10453",
    "target_demographic": "55+",
    "ad_creative_id": "CREATIVE527",
    "impressions": 47927,
    "clicks": 2092,
    "leads": 930,
    "appointments_booked": 465,
    "appointments_completed": 349,
    "total_spend": 0,
    "total_revenue": 139600,
    "cpl": 0,
    "cpa": 0,
    "roas": 0,
    "profit": 139600
  },
  {
    "campaign_id": "CAMP1372",
    "platform": "tiktok",
    "start_date": "2025-08-16",
    "end_date": "2025-09-11",
    "target_zip": "10453",
    "target_demographic": "25-34",
    "ad_creative_id": "CREATIVE777",
    "impressions": 26274,
    "clicks": 510,
    "leads": 41,
    "appointments_booked": 21,
    "appointments_completed": 16,
    "total_spend": 6407,
    "total_revenue": 6400,
    "cpl": 156,
    "cpa": 400,
    "roas": 1,
    "profit": -7
  },
  {
    "campaign_id": "CAMP1373",
    "platform": "organic",
    "start_date": "2025-09-15",
    "end_date": "2025-09-13",
    "target_zip": "10021",
    "target_demographic": "45-54",
    "ad_creative_id": "CREATIVE600",
    "impressions": 7111,
    "clicks": 271,
    "leads": 77,
    "appointments_booked": 54,
    "appointments_completed": 49,
    "total_spend": 0,
    "total_revenue": 31850,
    "cpl": 0,
    "cpa": 0,
    "roas": 0,
    "profit": 31850
  },
  {
    "campaign_id": "CAMP1374",
    "platform": "organic",
    "start_date": "2025-08-22",
    "end_date": "2025-09-21",
    "target_zip": "11101",
    "target_demographic": "45-54",
    "ad_creative_id": "CREATIVE848",
    "impressions": 38102,
    "clicks": 1525,
    "leads": 533,
    "appointments_booked": 267,
    "appointments_completed": 200,
    "total_spend": 0,
    "total_revenue": 80000,
    "cpl": 0,
    "cpa": 0,
    "roas": 0,
    "profit": 80000
  },
  {
    "campaign_id": "CAMP1375",
    "platform": "google",
    "start_date": "2025-08-11",
    "end_date": "2025-09-19",
    "target_zip": "10453",
    "target_demographic": "25-34",
    "ad_creative_id": "CREATIVE622",
    "impressions": 44455,
    "clicks": 737,
    "leads": 150,
    "appointments_booked": 75,
    "appointments_completed": 56,
    "total_spend": 19230,
    "total_revenue": 22400,
    "cpl": 128,
    "cpa": 343,
    "roas": 1.16,
    "profit": 3170
  },
  {
    "campaign_id": "CAMP1376",
    "platform": "organic",
    "start_date": "2025-07-15",
    "end_date": "2025-09-21",
    "target_zip": "07302",
    "target_demographic": "45-54",
    "ad_creative_id": "CREATIVE262",
    "impressions": 17841,
    "clicks": 846,
    "leads": 259,
    "appointments_booked": 130,
    "appointments_completed": 98,
    "total_spend": 0,
    "total_revenue": 39200,
    "cpl": 0,
    "cpa": 0,
    "roas": 0,
    "profit": 39200
  },
  {
    "campaign_id": "CAMP1377",
    "platform": "tiktok",
    "start_date": "2025-08-18",
    "end_date": "2025-09-09",
    "target_zip": "07302",
    "target_demographic": "55+",
    "ad_creative_id": "CREATIVE584",
    "impressions": 41040,
    "clicks": 574,
    "leads": 46,
    "appointments_booked": 23,
    "appointments_completed": 17,
    "total_spend": 6989,
    "total_revenue": 6800,
    "cpl": 152,
    "cpa": 411,
    "roas": 0.97,
    "profit": -189
  },
  {
    "campaign_id": "CAMP1378",
    "platform": "organic",
    "start_date": "2025-09-14",
    "end_date": "2025-09-16",
    "target_zip": "07302",
    "target_demographic": "25-34",
    "ad_creative_id": "CREATIVE444",
    "impressions": 6571,
    "clicks": 231,
    "leads": 63,
    "appointments_booked": 32,
    "appointments_completed": 24,
    "total_spend": 0,
    "total_revenue": 9600,
    "cpl": 0,
    "cpa": 0,
    "roas": 0,
    "profit": 9600
  },
  {
    "campaign_id": "CAMP1379",
    "platform": "referral",
    "start_date": "2025-09-03",
    "end_date": "2025-09-03",
    "target_zip": "10021",
    "target_demographic": "55+",
    "ad_creative_id": "CREATIVE204",
    "impressions": 9405,
    "clicks": 286,
    "leads": 154,
    "appointments_booked": 108,
    "appointments_completed": 97,
    "total_spend": 0,
    "total_revenue": 63050,
    "cpl": 0,
    "cpa": 0,
    "roas": 0,
    "profit": 63050
  },
  {
    "campaign_id": "CAMP1380",
    "platform": "referral",
    "start_date": "2025-09-12",
    "end_date": "2025-09-23",
    "target_zip": "11030",
    "target_demographic": "45-54",
    "ad_creative_id": "CREATIVE809",
    "impressions": 20555,
    "clicks": 239,
    "leads": 118,
    "appointments_booked": 83,
    "appointments_completed": 75,
    "total_spend": 0,
    "total_revenue": 48750,
    "cpl": 0,
    "cpa": 0,
    "roas": 0,
    "profit": 48750
  },
  {
    "campaign_id": "CAMP1381",
    "platform": "instagram",
    "start_date": "2025-08-23",
    "end_date": "2025-09-06",
    "target_zip": "11101",
    "target_demographic": "45-54",
    "ad_creative_id": "CREATIVE946",
    "impressions": 41979,
    "clicks": 1738,
    "leads": 237,
    "appointments_booked": 119,
    "appointments_completed": 89,
    "total_spend": 33821,
    "total_revenue": 35600,
    "cpl": 143,
    "cpa": 380,
    "roas": 1.05,
    "profit": 1779
  },
  {
    "campaign_id": "CAMP1382",
    "platform": "tiktok",
    "start_date": "2025-07-18",
    "end_date": "2025-09-22",
    "target_zip": "10453",
    "target_demographic": "55+",
    "ad_creative_id": "CREATIVE692",
    "impressions": 44707,
    "clicks": 915,
    "leads": 96,
    "appointments_booked": 48,
    "appointments_completed": 36,
    "total_spend": 10401,
    "total_revenue": 14400,
    "cpl": 108,
    "cpa": 289,
    "roas": 1.38,
    "profit": 3999
  },
  {
    "campaign_id": "CAMP1383",
    "platform": "tiktok",
    "start_date": "2025-07-14",
    "end_date": "2025-09-20",
    "target_zip": "10021",
    "target_demographic": "55+",
    "ad_creative_id": "CREATIVE275",
    "impressions": 42003,
    "clicks": 1355,
    "leads": 159,
    "appointments_booked": 111,
    "appointments_completed": 100,
    "total_spend": 15127,
    "total_revenue": 65000,
    "cpl": 95,
    "cpa": 151,
    "roas": 4.3,
    "profit": 49873
  },
  {
    "campaign_id": "CAMP1384",
    "platform": "instagram",
    "start_date": "2025-08-30",
    "end_date": "2025-09-22",
    "target_zip": "10021",
    "target_demographic": "35-44",
    "ad_creative_id": "CREATIVE525",
    "impressions": 34368,
    "clicks": 778,
    "leads": 97,
    "appointments_booked": 68,
    "appointments_completed": 61,
    "total_spend": 14967,
    "total_revenue": 39650,
    "cpl": 154,
    "cpa": 245,
    "roas": 2.65,
    "profit": 24683
  },
  {
    "campaign_id": "CAMP1385",
    "platform": "email",
    "start_date": "2025-08-30",
    "end_date": "2025-09-02",
    "target_zip": "11211",
    "target_demographic": "55+",
    "ad_creative_id": "CREATIVE970",
    "impressions": 8086,
    "clicks": 398,
    "leads": 115,
    "appointments_booked": 58,
    "appointments_completed": 44,
    "total_spend": 769,
    "total_revenue": 17600,
    "cpl": 7,
    "cpa": 17,
    "roas": 22.9,
    "profit": 16831
  },
  {
    "campaign_id": "CAMP1386",
    "platform": "referral",
    "start_date": "2025-08-31",
    "end_date": "2025-09-04",
    "target_zip": "90210",
    "target_demographic": "35-44",
    "ad_creative_id": "CREATIVE235",
    "impressions": 4671,
    "clicks": 228,
    "leads": 113,
    "appointments_booked": 79,
    "appointments_completed": 71,
    "total_spend": 0,
    "total_revenue": 46150,
    "cpl": 0,
    "cpa": 0,
    "roas": 0,
    "profit": 46150
  },
  {
    "campaign_id": "CAMP1387",
    "platform": "instagram",
    "start_date": "2025-07-30",
    "end_date": "2025-09-01",
    "target_zip": "90210",
    "target_demographic": "55+",
    "ad_creative_id": "CREATIVE867",
    "impressions": 25534,
    "clicks": 418,
    "leads": 59,
    "appointments_booked": 41,
    "appointments_completed": 37,
    "total_spend": 7171,
    "total_revenue": 24050,
    "cpl": 122,
    "cpa": 194,
    "roas": 3.35,
    "profit": 16879
  },
  {
    "campaign_id": "CAMP1388",
    "platform": "facebook",
    "start_date": "2025-07-27",
    "end_date": "2025-09-28",
    "target_zip": "11101",
    "target_demographic": "35-44",
    "ad_creative_id": "CREATIVE343",
    "impressions": 44203,
    "clicks": 2074,
    "leads": 323,
    "appointments_booked": 162,
    "appointments_completed": 122,
    "total_spend": 28052,
    "total_revenue": 48800,
    "cpl": 87,
    "cpa": 230,
    "roas": 1.74,
    "profit": 20748
  },
  {
    "campaign_id": "CAMP1389",
    "platform": "facebook",
    "start_date": "2025-07-31",
    "end_date": "2025-09-04",
    "target_zip": "11030",
    "target_demographic": "45-54",
    "ad_creative_id": "CREATIVE445",
    "impressions": 2884,
    "clicks": 58,
    "leads": 9,
    "appointments_booked": 6,
    "appointments_completed": 5,
    "total_spend": 797,
    "total_revenue": 3250,
    "cpl": 89,
    "cpa": 159,
    "roas": 4.08,
    "profit": 2453
  },
  {
    "campaign_id": "CAMP1390",
    "platform": "organic",
    "start_date": "2025-09-18",
    "end_date": "2025-09-20",
    "target_zip": "11030",
    "target_demographic": "35-44",
    "ad_creative_id": "CREATIVE831",
    "impressions": 8074,
    "clicks": 378,
    "leads": 119,
    "appointments_booked": 83,
    "appointments_completed": 75,
    "total_spend": 0,
    "total_revenue": 48750,
    "cpl": 0,
    "cpa": 0,
    "roas": 0,
    "profit": 48750
  },
  {
    "campaign_id": "CAMP1391",
    "platform": "facebook",
    "start_date": "2025-08-15",
    "end_date": "2025-09-19",
    "target_zip": "11030",
    "target_demographic": "25-34",
    "ad_creative_id": "CREATIVE252",
    "impressions": 34658,
    "clicks": 744,
    "leads": 160,
    "appointments_booked": 112,
    "appointments_completed": 101,
    "total_spend": 11251,
    "total_revenue": 65650,
    "cpl": 70,
    "cpa": 111,
    "roas": 5.84,
    "profit": 54399
  },
  {
    "campaign_id": "CAMP1392",
    "platform": "referral",
    "start_date": "2025-08-19",
    "end_date": "2025-09-17",
    "target_zip": "07302",
    "target_demographic": "55+",
    "ad_creative_id": "CREATIVE100",
    "impressions": 4247,
    "clicks": 76,
    "leads": 28,
    "appointments_booked": 14,
    "appointments_completed": 11,
    "total_spend": 0,
    "total_revenue": 4400,
    "cpl": 0,
    "cpa": 0,
    "roas": 0,
    "profit": 4400
  },
  {
    "campaign_id": "CAMP1393",
    "platform": "instagram",
    "start_date": "2025-07-12",
    "end_date": "2025-09-13",
    "target_zip": "90210",
    "target_demographic": "55+",
    "ad_creative_id": "CREATIVE533",
    "impressions": 12084,
    "clicks": 491,
    "leads": 81,
    "appointments_booked": 57,
    "appointments_completed": 51,
    "total_spend": 7973,
    "total_revenue": 33150,
    "cpl": 98,
    "cpa": 156,
    "roas": 4.16,
    "profit": 25177
  },
  {
    "campaign_id": "CAMP1394",
    "platform": "email",
    "start_date": "2025-08-09",
    "end_date": "2025-09-05",
    "target_zip": "10021",
    "target_demographic": "55+",
    "ad_creative_id": "CREATIVE826",
    "impressions": 23818,
    "clicks": 1167,
    "leads": 401,
    "appointments_booked": 281,
    "appointments_completed": 253,
    "total_spend": 2462,
    "total_revenue": 164450,
    "cpl": 6,
    "cpa": 10,
    "roas": 66.79,
    "profit": 161988
  },
  {
    "campaign_id": "CAMP1395",
    "platform": "google",
    "start_date": "2025-08-18",
    "end_date": "2025-09-10",
    "target_zip": "10453",
    "target_demographic": "55+",
    "ad_creative_id": "CREATIVE477",
    "impressions": 11594,
    "clicks": 602,
    "leads": 128,
    "appointments_booked": 64,
    "appointments_completed": 48,
    "total_spend": 14978,
    "total_revenue": 19200,
    "cpl": 117,
    "cpa": 312,
    "roas": 1.28,
    "profit": 4222
  },
  {
    "campaign_id": "CAMP1396",
    "platform": "email",
    "start_date": "2025-07-15",
    "end_date": "2025-09-29",
    "target_zip": "07302",
    "target_demographic": "55+",
    "ad_creative_id": "CREATIVE241",
    "impressions": 4166,
    "clicks": 160,
    "leads": 61,
    "appointments_booked": 31,
    "appointments_completed": 23,
    "total_spend": 340,
    "total_revenue": 9200,
    "cpl": 6,
    "cpa": 15,
    "roas": 27.08,
    "profit": 8860
  },
  {
    "campaign_id": "CAMP1397",
    "platform": "instagram",
    "start_date": "2025-09-02",
    "end_date": "2025-09-07",
    "target_zip": "10453",
    "target_demographic": "25-34",
    "ad_creative_id": "CREATIVE162",
    "impressions": 14338,
    "clicks": 169,
    "leads": 24,
    "appointments_booked": 12,
    "appointments_completed": 9,
    "total_spend": 2896,
    "total_revenue": 3600,
    "cpl": 121,
    "cpa": 322,
    "roas": 1.24,
    "profit": 704
  },
  {
    "campaign_id": "CAMP1398",
    "platform": "referral",
    "start_date": "2025-08-08",
    "end_date": "2025-09-12",
    "target_zip": "11030",
    "target_demographic": "35-44",
    "ad_creative_id": "CREATIVE749",
    "impressions": 22341,
    "clicks": 349,
    "leads": 164,
    "appointments_booked": 115,
    "appointments_completed": 104,
    "total_spend": 0,
    "total_revenue": 67600,
    "cpl": 0,
    "cpa": 0,
    "roas": 0,
    "profit": 67600
  },
  {
    "campaign_id": "CAMP1399",
    "platform": "facebook",
    "start_date": "2025-07-05",
    "end_date": "2025-09-20",
    "target_zip": "90210",
    "target_demographic": "45-54",
    "ad_creative_id": "CREATIVE889",
    "impressions": 35828,
    "clicks": 364,
    "leads": 65,
    "appointments_booked": 46,
    "appointments_completed": 41,
    "total_spend": 5164,
    "total_revenue": 26650,
    "cpl": 79,
    "cpa": 126,
    "roas": 5.16,
    "profit": 21486
  },
  {
    "campaign_id": "CAMP1400",
    "platform": "email",
    "start_date": "2025-08-09",
    "end_date": "2025-09-21",
    "target_zip": "10453",
    "target_demographic": "45-54",
    "ad_creative_id": "CREATIVE797",
    "impressions": 16484,
    "clicks": 517,
    "leads": 165,
    "appointments_booked": 83,
    "appointments_completed": 62,
    "total_spend": 1104,
    "total_revenue": 24800,
    "cpl": 7,
    "cpa": 18,
    "roas": 22.47,
    "profit": 23696
  },
  {
    "campaign_id": "CAMP1401",
    "platform": "tiktok",
    "start_date": "2025-07-10",
    "end_date": "2025-09-24",
    "target_zip": "11101",
    "target_demographic": "35-44",
    "ad_creative_id": "CREATIVE670",
    "impressions": 31057,
    "clicks": 1154,
    "leads": 122,
    "appointments_booked": 61,
    "appointments_completed": 46,
    "total_spend": 13848,
    "total_revenue": 18400,
    "cpl": 114,
    "cpa": 301,
    "roas": 1.33,
    "profit": 4552
  },
  {
    "campaign_id": "CAMP1402",
    "platform": "referral",
    "start_date": "2025-08-07",
    "end_date": "2025-09-25",
    "target_zip": "11211",
    "target_demographic": "45-54",
    "ad_creative_id": "CREATIVE577",
    "impressions": 8284,
    "clicks": 372,
    "leads": 185,
    "appointments_booked": 93,
    "appointments_completed": 70,
    "total_spend": 0,
    "total_revenue": 28000,
    "cpl": 0,
    "cpa": 0,
    "roas": 0,
    "profit": 28000
  },
  {
    "campaign_id": "CAMP1403",
    "platform": "google",
    "start_date": "2025-09-22",
    "end_date": "2025-09-27",
    "target_zip": "07302",
    "target_demographic": "55+",
    "ad_creative_id": "CREATIVE457",
    "impressions": 46790,
    "clicks": 1840,
    "leads": 408,
    "appointments_booked": 204,
    "appointments_completed": 153,
    "total_spend": 48958,
    "total_revenue": 61200,
    "cpl": 120,
    "cpa": 320,
    "roas": 1.25,
    "profit": 12242
  },
  {
    "campaign_id": "CAMP1404",
    "platform": "tiktok",
    "start_date": "2025-08-18",
    "end_date": "2025-09-24",
    "target_zip": "11101",
    "target_demographic": "35-44",
    "ad_creative_id": "CREATIVE709",
    "impressions": 10961,
    "clicks": 338,
    "leads": 35,
    "appointments_booked": 18,
    "appointments_completed": 14,
    "total_spend": 3770,
    "total_revenue": 5600,
    "cpl": 108,
    "cpa": 269,
    "roas": 1.49,
    "profit": 1830
  },
  {
    "campaign_id": "CAMP1405",
    "platform": "facebook",
    "start_date": "2025-09-24",
    "end_date": "2025-09-06",
    "target_zip": "11101",
    "target_demographic": "45-54",
    "ad_creative_id": "CREATIVE301",
    "impressions": 37114,
    "clicks": 625,
    "leads": 106,
    "appointments_booked": 53,
    "appointments_completed": 40,
    "total_spend": 9433,
    "total_revenue": 16000,
    "cpl": 89,
    "cpa": 236,
    "roas": 1.7,
    "profit": 6567
  },
  {
    "campaign_id": "CAMP1406",
    "platform": "tiktok",
    "start_date": "2025-09-04",
    "end_date": "2025-09-14",
    "target_zip": "07302",
    "target_demographic": "45-54",
    "ad_creative_id": "CREATIVE576",
    "impressions": 30229,
    "clicks": 1456,
    "leads": 159,
    "appointments_booked": 80,
    "appointments_completed": 60,
    "total_spend": 16656,
    "total_revenue": 24000,
    "cpl": 105,
    "cpa": 278,
    "roas": 1.44,
    "profit": 7344
  },
  {
    "campaign_id": "CAMP1407",
    "platform": "organic",
    "start_date": "2025-09-03",
    "end_date": "2025-09-27",
    "target_zip": "11101",
    "target_demographic": "45-54",
    "ad_creative_id": "CREATIVE584",
    "impressions": 20389,
    "clicks": 835,
    "leads": 253,
    "appointments_booked": 127,
    "appointments_completed": 95,
    "total_spend": 0,
    "total_revenue": 38000,
    "cpl": 0,
    "cpa": 0,
    "roas": 0,
    "profit": 38000
  },
  {
    "campaign_id": "CAMP1408",
    "platform": "instagram",
    "start_date": "2025-09-20",
    "end_date": "2025-09-29",
    "target_zip": "10021",
    "target_demographic": "35-44",
    "ad_creative_id": "CREATIVE377",
    "impressions": 15328,
    "clicks": 587,
    "leads": 103,
    "appointments_booked": 72,
    "appointments_completed": 65,
    "total_spend": 11192,
    "total_revenue": 42250,
    "cpl": 109,
    "cpa": 172,
    "roas": 3.77,
    "profit": 31058
  },
  {
    "campaign_id": "CAMP1409",
    "platform": "facebook",
    "start_date": "2025-09-12",
    "end_date": "2025-09-15",
    "target_zip": "07302",
    "target_demographic": "55+",
    "ad_creative_id": "CREATIVE234",
    "impressions": 17484,
    "clicks": 788,
    "leads": 152,
    "appointments_booked": 76,
    "appointments_completed": 57,
    "total_spend": 12551,
    "total_revenue": 22800,
    "cpl": 83,
    "cpa": 220,
    "roas": 1.82,
    "profit": 10249
  },
  {
    "campaign_id": "CAMP1410",
    "platform": "referral",
    "start_date": "2025-07-10",
    "end_date": "2025-09-06",
    "target_zip": "10453",
    "target_demographic": "25-34",
    "ad_creative_id": "CREATIVE370",
    "impressions": 23500,
    "clicks": 429,
    "leads": 231,
    "appointments_booked": 116,
    "appointments_completed": 87,
    "total_spend": 0,
    "total_revenue": 34800,
    "cpl": 0,
    "cpa": 0,
    "roas": 0,
    "profit": 34800
  },
  {
    "campaign_id": "CAMP1411",
    "platform": "email",
    "start_date": "2025-08-20",
    "end_date": "2025-09-03",
    "target_zip": "10021",
    "target_demographic": "25-34",
    "ad_creative_id": "CREATIVE124",
    "impressions": 35942,
    "clicks": 1462,
    "leads": 443,
    "appointments_booked": 310,
    "appointments_completed": 279,
    "total_spend": 3019,
    "total_revenue": 181350,
    "cpl": 7,
    "cpa": 11,
    "roas": 60.07,
    "profit": 178331
  },
  {
    "campaign_id": "CAMP1412",
    "platform": "organic",
    "start_date": "2025-09-06",
    "end_date": "2025-09-28",
    "target_zip": "11211",
    "target_demographic": "25-34",
    "ad_creative_id": "CREATIVE949",
    "impressions": 34545,
    "clicks": 1646,
    "leads": 581,
    "appointments_booked": 291,
    "appointments_completed": 218,
    "total_spend": 0,
    "total_revenue": 87200,
    "cpl": 0,
    "cpa": 0,
    "roas": 0,
    "profit": 87200
  },
  {
    "campaign_id": "CAMP1413",
    "platform": "google",
    "start_date": "2025-08-10",
    "end_date": "2025-09-02",
    "target_zip": "11101",
    "target_demographic": "25-34",
    "ad_creative_id": "CREATIVE247",
    "impressions": 33031,
    "clicks": 1958,
    "leads": 437,
    "appointments_booked": 219,
    "appointments_completed": 164,
    "total_spend": 49881,
    "total_revenue": 65600,
    "cpl": 114,
    "cpa": 304,
    "roas": 1.32,
    "profit": 15719
  },
  {
    "campaign_id": "CAMP1414",
    "platform": "instagram",
    "start_date": "2025-08-13",
    "end_date": "2025-09-10",
    "target_zip": "10021",
    "target_demographic": "25-34",
    "ad_creative_id": "CREATIVE967",
    "impressions": 12907,
    "clicks": 484,
    "leads": 79,
    "appointments_booked": 55,
    "appointments_completed": 50,
    "total_spend": 9324,
    "total_revenue": 32500,
    "cpl": 118,
    "cpa": 186,
    "roas": 3.49,
    "profit": 23176
  },
  {
    "campaign_id": "CAMP1415",
    "platform": "instagram",
    "start_date": "2025-08-16",
    "end_date": "2025-09-11",
    "target_zip": "10021",
    "target_demographic": "55+",
    "ad_creative_id": "CREATIVE967",
    "impressions": 14852,
    "clicks": 466,
    "leads": 66,
    "appointments_booked": 46,
    "appointments_completed": 41,
    "total_spend": 8225,
    "total_revenue": 26650,
    "cpl": 125,
    "cpa": 201,
    "roas": 3.24,
    "profit": 18425
  },
  {
    "campaign_id": "CAMP1416",
    "platform": "organic",
    "start_date": "2025-08-21",
    "end_date": "2025-09-26",
    "target_zip": "11101",
    "target_demographic": "45-54",
    "ad_creative_id": "CREATIVE421",
    "impressions": 22237,
    "clicks": 832,
    "leads": 292,
    "appointments_booked": 146,
    "appointments_completed": 110,
    "total_spend": 0,
    "total_revenue": 44000,
    "cpl": 0,
    "cpa": 0,
    "roas": 0,
    "profit": 44000
  },
  {
    "campaign_id": "CAMP1417",
    "platform": "email",
    "start_date": "2025-09-21",
    "end_date": "2025-09-24",
    "target_zip": "10453",
    "target_demographic": "35-44",
    "ad_creative_id": "CREATIVE307",
    "impressions": 19941,
    "clicks": 751,
    "leads": 310,
    "appointments_booked": 155,
    "appointments_completed": 116,
    "total_spend": 1645,
    "total_revenue": 46400,
    "cpl": 5,
    "cpa": 14,
    "roas": 28.2,
    "profit": 44755
  },
  {
    "campaign_id": "CAMP1418",
    "platform": "facebook",
    "start_date": "2025-08-08",
    "end_date": "2025-09-25",
    "target_zip": "10453",
    "target_demographic": "55+",
    "ad_creative_id": "CREATIVE206",
    "impressions": 29184,
    "clicks": 831,
    "leads": 134,
    "appointments_booked": 67,
    "appointments_completed": 50,
    "total_spend": 13474,
    "total_revenue": 20000,
    "cpl": 101,
    "cpa": 269,
    "roas": 1.48,
    "profit": 6526
  },
  {
    "campaign_id": "CAMP1419",
    "platform": "email",
    "start_date": "2025-08-18",
    "end_date": "2025-09-01",
    "target_zip": "90210",
    "target_demographic": "45-54",
    "ad_creative_id": "CREATIVE481",
    "impressions": 30260,
    "clicks": 489,
    "leads": 146,
    "appointments_booked": 102,
    "appointments_completed": 92,
    "total_spend": 944,
    "total_revenue": 59800,
    "cpl": 6,
    "cpa": 10,
    "roas": 63.32,
    "profit": 58856
  },
  {
    "campaign_id": "CAMP1420",
    "platform": "tiktok",
    "start_date": "2025-09-27",
    "end_date": "2025-09-14",
    "target_zip": "10453",
    "target_demographic": "25-34",
    "ad_creative_id": "CREATIVE290",
    "impressions": 41881,
    "clicks": 789,
    "leads": 73,
    "appointments_booked": 37,
    "appointments_completed": 28,
    "total_spend": 10410,
    "total_revenue": 11200,
    "cpl": 143,
    "cpa": 372,
    "roas": 1.08,
    "profit": 790
  },
  {
    "campaign_id": "CAMP1421",
    "platform": "organic",
    "start_date": "2025-07-08",
    "end_date": "2025-09-23",
    "target_zip": "90210",
    "target_demographic": "55+",
    "ad_creative_id": "CREATIVE352",
    "impressions": 26220,
    "clicks": 562,
    "leads": 202,
    "appointments_booked": 141,
    "appointments_completed": 127,
    "total_spend": 0,
    "total_revenue": 82550,
    "cpl": 0,
    "cpa": 0,
    "roas": 0,
    "profit": 82550
  },
  {
    "campaign_id": "CAMP1422",
    "platform": "google",
    "start_date": "2025-09-25",
    "end_date": "2025-08-31",
    "target_zip": "90210",
    "target_demographic": "35-44",
    "ad_creative_id": "CREATIVE734",
    "impressions": 44919,
    "clicks": 2667,
    "leads": 666,
    "appointments_booked": 466,
    "appointments_completed": 419,
    "total_spend": 66753,
    "total_revenue": 272350,
    "cpl": 100,
    "cpa": 159,
    "roas": 4.08,
    "profit": 205597
  },
  {
    "campaign_id": "CAMP1423",
    "platform": "referral",
    "start_date": "2025-08-16",
    "end_date": "2025-09-14",
    "target_zip": "11101",
    "target_demographic": "55+",
    "ad_creative_id": "CREATIVE425",
    "impressions": 25132,
    "clicks": 1171,
    "leads": 615,
    "appointments_booked": 308,
    "appointments_completed": 231,
    "total_spend": 0,
    "total_revenue": 92400,
    "cpl": 0,
    "cpa": 0,
    "roas": 0,
    "profit": 92400
  },
  {
    "campaign_id": "CAMP1424",
    "platform": "email",
    "start_date": "2025-07-16",
    "end_date": "2025-09-20",
    "target_zip": "11101",
    "target_demographic": "55+",
    "ad_creative_id": "CREATIVE443",
    "impressions": 17257,
    "clicks": 676,
    "leads": 248,
    "appointments_booked": 124,
    "appointments_completed": 93,
    "total_spend": 1476,
    "total_revenue": 37200,
    "cpl": 6,
    "cpa": 16,
    "roas": 25.2,
    "profit": 35724
  },
  {
    "campaign_id": "CAMP1425",
    "platform": "email",
    "start_date": "2025-08-25",
    "end_date": "2025-09-15",
    "target_zip": "10021",
    "target_demographic": "35-44",
    "ad_creative_id": "CREATIVE483",
    "impressions": 34111,
    "clicks": 522,
    "leads": 161,
    "appointments_booked": 113,
    "appointments_completed": 102,
    "total_spend": 1094,
    "total_revenue": 66300,
    "cpl": 7,
    "cpa": 11,
    "roas": 60.58,
    "profit": 65206
  },
  {
    "campaign_id": "CAMP1426",
    "platform": "google",
    "start_date": "2025-08-29",
    "end_date": "2025-09-04",
    "target_zip": "11101",
    "target_demographic": "45-54",
    "ad_creative_id": "CREATIVE391",
    "impressions": 49961,
    "clicks": 1844,
    "leads": 428,
    "appointments_booked": 214,
    "appointments_completed": 161,
    "total_spend": 45047,
    "total_revenue": 64400,
    "cpl": 105,
    "cpa": 280,
    "roas": 1.43,
    "profit": 19353
  },
  {
    "campaign_id": "CAMP1427",
    "platform": "email",
    "start_date": "2025-07-03",
    "end_date": "2025-09-05",
    "target_zip": "10453",
    "target_demographic": "35-44",
    "ad_creative_id": "CREATIVE345",
    "impressions": 20506,
    "clicks": 679,
    "leads": 214,
    "appointments_booked": 107,
    "appointments_completed": 80,
    "total_spend": 1244,
    "total_revenue": 32000,
    "cpl": 6,
    "cpa": 16,
    "roas": 25.71,
    "profit": 30756
  },
  {
    "campaign_id": "CAMP1428",
    "platform": "organic",
    "start_date": "2025-09-14",
    "end_date": "2025-09-29",
    "target_zip": "07302",
    "target_demographic": "35-44",
    "ad_creative_id": "CREATIVE249",
    "impressions": 16906,
    "clicks": 742,
    "leads": 245,
    "appointments_booked": 123,
    "appointments_completed": 92,
    "total_spend": 0,
    "total_revenue": 36800,
    "cpl": 0,
    "cpa": 0,
    "roas": 0,
    "profit": 36800
  },
  {
    "campaign_id": "CAMP1429",
    "platform": "facebook",
    "start_date": "2025-08-01",
    "end_date": "2025-09-22",
    "target_zip": "10021",
    "target_demographic": "35-44",
    "ad_creative_id": "CREATIVE905",
    "impressions": 24942,
    "clicks": 751,
    "leads": 114,
    "appointments_booked": 80,
    "appointments_completed": 72,
    "total_spend": 10851,
    "total_revenue": 46800,
    "cpl": 95,
    "cpa": 151,
    "roas": 4.31,
    "profit": 35949
  },
  {
    "campaign_id": "CAMP1430",
    "platform": "referral",
    "start_date": "2025-07-15",
    "end_date": "2025-09-22",
    "target_zip": "11030",
    "target_demographic": "55+",
    "ad_creative_id": "CREATIVE803",
    "impressions": 22062,
    "clicks": 967,
    "leads": 515,
    "appointments_booked": 361,
    "appointments_completed": 325,
    "total_spend": 0,
    "total_revenue": 211250,
    "cpl": 0,
    "cpa": 0,
    "roas": 0,
    "profit": 211250
  },
  {
    "campaign_id": "CAMP1431",
    "platform": "tiktok",
    "start_date": "2025-08-25",
    "end_date": "2025-09-11",
    "target_zip": "10453",
    "target_demographic": "45-54",
    "ad_creative_id": "CREATIVE895",
    "impressions": 47142,
    "clicks": 1450,
    "leads": 161,
    "appointments_booked": 81,
    "appointments_completed": 61,
    "total_spend": 16879,
    "total_revenue": 24400,
    "cpl": 105,
    "cpa": 277,
    "roas": 1.45,
    "profit": 7521
  },
  {
    "campaign_id": "CAMP1432",
    "platform": "facebook",
    "start_date": "2025-08-10",
    "end_date": "2025-09-20",
    "target_zip": "07302",
    "target_demographic": "25-34",
    "ad_creative_id": "CREATIVE980",
    "impressions": 49080,
    "clicks": 1292,
    "leads": 224,
    "appointments_booked": 112,
    "appointments_completed": 84,
    "total_spend": 20544,
    "total_revenue": 33600,
    "cpl": 92,
    "cpa": 245,
    "roas": 1.64,
    "profit": 13056
  },
  {
    "campaign_id": "CAMP1433",
    "platform": "facebook",
    "start_date": "2025-08-21",
    "end_date": "2025-09-28",
    "target_zip": "10021",
    "target_demographic": "25-34",
    "ad_creative_id": "CREATIVE429",
    "impressions": 31502,
    "clicks": 1229,
    "leads": 249,
    "appointments_booked": 174,
    "appointments_completed": 157,
    "total_spend": 17032,
    "total_revenue": 102050,
    "cpl": 68,
    "cpa": 108,
    "roas": 5.99,
    "profit": 85018
  },
  {
    "campaign_id": "CAMP1434",
    "platform": "organic",
    "start_date": "2025-09-29",
    "end_date": "2025-09-20",
    "target_zip": "10021",
    "target_demographic": "35-44",
    "ad_creative_id": "CREATIVE688",
    "impressions": 25157,
    "clicks": 918,
    "leads": 238,
    "appointments_booked": 167,
    "appointments_completed": 150,
    "total_spend": 0,
    "total_revenue": 97500,
    "cpl": 0,
    "cpa": 0,
    "roas": 0,
    "profit": 97500
  },
  {
    "campaign_id": "CAMP1435",
    "platform": "tiktok",
    "start_date": "2025-07-05",
    "end_date": "2025-09-29",
    "target_zip": "10021",
    "target_demographic": "25-34",
    "ad_creative_id": "CREATIVE422",
    "impressions": 8621,
    "clicks": 386,
    "leads": 40,
    "appointments_booked": 28,
    "appointments_completed": 25,
    "total_spend": 4327,
    "total_revenue": 16250,
    "cpl": 108,
    "cpa": 173,
    "roas": 3.76,
    "profit": 11923
  },
  {
    "campaign_id": "CAMP1436",
    "platform": "google",
    "start_date": "2025-07-15",
    "end_date": "2025-09-20",
    "target_zip": "07302",
    "target_demographic": "35-44",
    "ad_creative_id": "CREATIVE118",
    "impressions": 34627,
    "clicks": 2170,
    "leads": 539,
    "appointments_booked": 270,
    "appointments_completed": 203,
    "total_spend": 56141,
    "total_revenue": 81200,
    "cpl": 104,
    "cpa": 277,
    "roas": 1.45,
    "profit": 25059
  },
  {
    "campaign_id": "CAMP1437",
    "platform": "google",
    "start_date": "2025-09-27",
    "end_date": "2025-09-09",
    "target_zip": "10021",
    "target_demographic": "35-44",
    "ad_creative_id": "CREATIVE172",
    "impressions": 41331,
    "clicks": 2449,
    "leads": 583,
    "appointments_booked": 408,
    "appointments_completed": 367,
    "total_spend": 57941,
    "total_revenue": 238550,
    "cpl": 99,
    "cpa": 158,
    "roas": 4.12,
    "profit": 180609
  },
  {
    "campaign_id": "CAMP1438",
    "platform": "referral",
    "start_date": "2025-07-21",
    "end_date": "2025-09-21",
    "target_zip": "10021",
    "target_demographic": "25-34",
    "ad_creative_id": "CREATIVE989",
    "impressions": 11735,
    "clicks": 454,
    "leads": 206,
    "appointments_booked": 144,
    "appointments_completed": 130,
    "total_spend": 0,
    "total_revenue": 84500,
    "cpl": 0,
    "cpa": 0,
    "roas": 0,
    "profit": 84500
  },
  {
    "campaign_id": "CAMP1439",
    "platform": "google",
    "start_date": "2025-08-05",
    "end_date": "2025-09-12",
    "target_zip": "11030",
    "target_demographic": "55+",
    "ad_creative_id": "CREATIVE140",
    "impressions": 28462,
    "clicks": 1541,
    "leads": 334,
    "appointments_booked": 234,
    "appointments_completed": 211,
    "total_spend": 41064,
    "total_revenue": 137150,
    "cpl": 123,
    "cpa": 195,
    "roas": 3.34,
    "profit": 96086
  },
  {
    "campaign_id": "CAMP1440",
    "platform": "tiktok",
    "start_date": "2025-07-28",
    "end_date": "2025-09-01",
    "target_zip": "11030",
    "target_demographic": "45-54",
    "ad_creative_id": "CREATIVE411",
    "impressions": 17634,
    "clicks": 315,
    "leads": 33,
    "appointments_booked": 23,
    "appointments_completed": 21,
    "total_spend": 4138,
    "total_revenue": 13650,
    "cpl": 125,
    "cpa": 197,
    "roas": 3.3,
    "profit": 9512
  },
  {
    "campaign_id": "CAMP1441",
    "platform": "facebook",
    "start_date": "2025-08-31",
    "end_date": "2025-09-19",
    "target_zip": "90210",
    "target_demographic": "35-44",
    "ad_creative_id": "CREATIVE174",
    "impressions": 36798,
    "clicks": 1672,
    "leads": 264,
    "appointments_booked": 185,
    "appointments_completed": 167,
    "total_spend": 22887,
    "total_revenue": 108550,
    "cpl": 87,
    "cpa": 137,
    "roas": 4.74,
    "profit": 85663
  },
  {
    "campaign_id": "CAMP1442",
    "platform": "email",
    "start_date": "2025-09-09",
    "end_date": "2025-09-11",
    "target_zip": "11030",
    "target_demographic": "45-54",
    "ad_creative_id": "CREATIVE361",
    "impressions": 13812,
    "clicks": 237,
    "leads": 74,
    "appointments_booked": 52,
    "appointments_completed": 47,
    "total_spend": 519,
    "total_revenue": 30550,
    "cpl": 7,
    "cpa": 11,
    "roas": 58.88,
    "profit": 30031
  },
  {
    "campaign_id": "CAMP1443",
    "platform": "email",
    "start_date": "2025-09-03",
    "end_date": "2025-09-11",
    "target_zip": "07302",
    "target_demographic": "45-54",
    "ad_creative_id": "CREATIVE248",
    "impressions": 35326,
    "clicks": 705,
    "leads": 263,
    "appointments_booked": 132,
    "appointments_completed": 99,
    "total_spend": 1364,
    "total_revenue": 39600,
    "cpl": 5,
    "cpa": 14,
    "roas": 29.03,
    "profit": 38236
  },
  {
    "campaign_id": "CAMP1444",
    "platform": "email",
    "start_date": "2025-08-23",
    "end_date": "2025-09-21",
    "target_zip": "10453",
    "target_demographic": "55+",
    "ad_creative_id": "CREATIVE285",
    "impressions": 9431,
    "clicks": 339,
    "leads": 112,
    "appointments_booked": 56,
    "appointments_completed": 42,
    "total_spend": 658,
    "total_revenue": 16800,
    "cpl": 6,
    "cpa": 16,
    "roas": 25.54,
    "profit": 16142
  },
  {
    "campaign_id": "CAMP1445",
    "platform": "referral",
    "start_date": "2025-09-22",
    "end_date": "2025-09-16",
    "target_zip": "11101",
    "target_demographic": "45-54",
    "ad_creative_id": "CREATIVE567",
    "impressions": 45472,
    "clicks": 999,
    "leads": 456,
    "appointments_booked": 228,
    "appointments_completed": 171,
    "total_spend": 0,
    "total_revenue": 68400,
    "cpl": 0,
    "cpa": 0,
    "roas": 0,
    "profit": 68400
  },
  {
    "campaign_id": "CAMP1446",
    "platform": "organic",
    "start_date": "2025-09-06",
    "end_date": "2025-09-10",
    "target_zip": "10453",
    "target_demographic": "45-54",
    "ad_creative_id": "CREATIVE750",
    "impressions": 24018,
    "clicks": 463,
    "leads": 145,
    "appointments_booked": 73,
    "appointments_completed": 55,
    "total_spend": 0,
    "total_revenue": 22000,
    "cpl": 0,
    "cpa": 0,
    "roas": 0,
    "profit": 22000
  },
  {
    "campaign_id": "CAMP1447",
    "platform": "referral",
    "start_date": "2025-08-07",
    "end_date": "2025-09-17",
    "target_zip": "11030",
    "target_demographic": "35-44",
    "ad_creative_id": "CREATIVE312",
    "impressions": 14141,
    "clicks": 440,
    "leads": 181,
    "appointments_booked": 127,
    "appointments_completed": 114,
    "total_spend": 0,
    "total_revenue": 74100,
    "cpl": 0,
    "cpa": 0,
    "roas": 0,
    "profit": 74100
  },
  {
    "campaign_id": "CAMP1448",
    "platform": "facebook",
    "start_date": "2025-08-29",
    "end_date": "2025-08-31",
    "target_zip": "10021",
    "target_demographic": "35-44",
    "ad_creative_id": "CREATIVE185",
    "impressions": 36606,
    "clicks": 1704,
    "leads": 295,
    "appointments_booked": 207,
    "appointments_completed": 186,
    "total_spend": 27989,
    "total_revenue": 120900,
    "cpl": 95,
    "cpa": 150,
    "roas": 4.32,
    "profit": 92911
  },
  {
    "campaign_id": "CAMP1449",
    "platform": "tiktok",
    "start_date": "2025-08-16",
    "end_date": "2025-09-29",
    "target_zip": "11211",
    "target_demographic": "55+",
    "ad_creative_id": "CREATIVE407",
    "impressions": 48252,
    "clicks": 2134,
    "leads": 246,
    "appointments_booked": 123,
    "appointments_completed": 92,
    "total_spend": 27598,
    "total_revenue": 36800,
    "cpl": 112,
    "cpa": 300,
    "roas": 1.33,
    "profit": 9202
  },
  {
    "campaign_id": "CAMP1450",
    "platform": "referral",
    "start_date": "2025-09-13",
    "end_date": "2025-09-23",
    "target_zip": "11101",
    "target_demographic": "55+",
    "ad_creative_id": "CREATIVE339",
    "impressions": 14533,
    "clicks": 349,
    "leads": 167,
    "appointments_booked": 84,
    "appointments_completed": 63,
    "total_spend": 0,
    "total_revenue": 25200,
    "cpl": 0,
    "cpa": 0,
    "roas": 0,
    "profit": 25200
  },
  {
    "campaign_id": "CAMP1451",
    "platform": "facebook",
    "start_date": "2025-08-04",
    "end_date": "2025-08-31",
    "target_zip": "11211",
    "target_demographic": "45-54",
    "ad_creative_id": "CREATIVE604",
    "impressions": 26451,
    "clicks": 447,
    "leads": 79,
    "appointments_booked": 40,
    "appointments_completed": 30,
    "total_spend": 6204,
    "total_revenue": 12000,
    "cpl": 79,
    "cpa": 207,
    "roas": 1.93,
    "profit": 5796
  },
  {
    "campaign_id": "CAMP1452",
    "platform": "email",
    "start_date": "2025-08-03",
    "end_date": "2025-09-13",
    "target_zip": "11101",
    "target_demographic": "55+",
    "ad_creative_id": "CREATIVE294",
    "impressions": 30931,
    "clicks": 1386,
    "leads": 520,
    "appointments_booked": 260,
    "appointments_completed": 195,
    "total_spend": 2663,
    "total_revenue": 78000,
    "cpl": 5,
    "cpa": 14,
    "roas": 29.29,
    "profit": 75337
  },
  {
    "campaign_id": "CAMP1453",
    "platform": "organic",
    "start_date": "2025-07-28",
    "end_date": "2025-09-27",
    "target_zip": "90210",
    "target_demographic": "55+",
    "ad_creative_id": "CREATIVE898",
    "impressions": 9277,
    "clicks": 108,
    "leads": 29,
    "appointments_booked": 20,
    "appointments_completed": 18,
    "total_spend": 0,
    "total_revenue": 11700,
    "cpl": 0,
    "cpa": 0,
    "roas": 0,
    "profit": 11700
  },
  {
    "campaign_id": "CAMP1454",
    "platform": "facebook",
    "start_date": "2025-07-19",
    "end_date": "2025-09-11",
    "target_zip": "07302",
    "target_demographic": "25-34",
    "ad_creative_id": "CREATIVE895",
    "impressions": 19955,
    "clicks": 328,
    "leads": 52,
    "appointments_booked": 26,
    "appointments_completed": 20,
    "total_spend": 4674,
    "total_revenue": 8000,
    "cpl": 90,
    "cpa": 234,
    "roas": 1.71,
    "profit": 3326
  },
  {
    "campaign_id": "CAMP1455",
    "platform": "referral",
    "start_date": "2025-09-13",
    "end_date": "2025-09-25",
    "target_zip": "10453",
    "target_demographic": "35-44",
    "ad_creative_id": "CREATIVE439",
    "impressions": 33989,
    "clicks": 786,
    "leads": 367,
    "appointments_booked": 184,
    "appointments_completed": 138,
    "total_spend": 0,
    "total_revenue": 55200,
    "cpl": 0,
    "cpa": 0,
    "roas": 0,
    "profit": 55200
  },
  {
    "campaign_id": "CAMP1456",
    "platform": "referral",
    "start_date": "2025-09-07",
    "end_date": "2025-09-07",
    "target_zip": "11101",
    "target_demographic": "25-34",
    "ad_creative_id": "CREATIVE473",
    "impressions": 13501,
    "clicks": 561,
    "leads": 211,
    "appointments_booked": 106,
    "appointments_completed": 80,
    "total_spend": 0,
    "total_revenue": 32000,
    "cpl": 0,
    "cpa": 0,
    "roas": 0,
    "profit": 32000
  },
  {
    "campaign_id": "CAMP1457",
    "platform": "organic",
    "start_date": "2025-09-25",
    "end_date": "2025-09-01",
    "target_zip": "07302",
    "target_demographic": "45-54",
    "ad_creative_id": "CREATIVE434",
    "impressions": 15912,
    "clicks": 543,
    "leads": 174,
    "appointments_booked": 87,
    "appointments_completed": 65,
    "total_spend": 0,
    "total_revenue": 26000,
    "cpl": 0,
    "cpa": 0,
    "roas": 0,
    "profit": 26000
  },
  {
    "campaign_id": "CAMP1458",
    "platform": "facebook",
    "start_date": "2025-07-24",
    "end_date": "2025-09-10",
    "target_zip": "07302",
    "target_demographic": "25-34",
    "ad_creative_id": "CREATIVE343",
    "impressions": 22958,
    "clicks": 388,
    "leads": 61,
    "appointments_booked": 31,
    "appointments_completed": 23,
    "total_spend": 6069,
    "total_revenue": 9200,
    "cpl": 99,
    "cpa": 264,
    "roas": 1.52,
    "profit": 3131
  },
  {
    "campaign_id": "CAMP1459",
    "platform": "google",
    "start_date": "2025-09-17",
    "end_date": "2025-09-28",
    "target_zip": "07302",
    "target_demographic": "35-44",
    "ad_creative_id": "CREATIVE976",
    "impressions": 41874,
    "clicks": 1518,
    "leads": 351,
    "appointments_booked": 176,
    "appointments_completed": 132,
    "total_spend": 40365,
    "total_revenue": 52800,
    "cpl": 115,
    "cpa": 306,
    "roas": 1.31,
    "profit": 12435
  },
  {
    "campaign_id": "CAMP1460",
    "platform": "instagram",
    "start_date": "2025-08-24",
    "end_date": "2025-09-03",
    "target_zip": "10021",
    "target_demographic": "45-54",
    "ad_creative_id": "CREATIVE658",
    "impressions": 28307,
    "clicks": 391,
    "leads": 67,
    "appointments_booked": 47,
    "appointments_completed": 42,
    "total_spend": 6778,
    "total_revenue": 27300,
    "cpl": 101,
    "cpa": 161,
    "roas": 4.03,
    "profit": 20522
  },
  {
    "campaign_id": "CAMP1461",
    "platform": "email",
    "start_date": "2025-08-01",
    "end_date": "2025-09-24",
    "target_zip": "11030",
    "target_demographic": "55+",
    "ad_creative_id": "CREATIVE842",
    "impressions": 21539,
    "clicks": 406,
    "leads": 152,
    "appointments_booked": 106,
    "appointments_completed": 95,
    "total_spend": 763,
    "total_revenue": 61750,
    "cpl": 5,
    "cpa": 8,
    "roas": 80.9,
    "profit": 60987
  },
  {
    "campaign_id": "CAMP1462",
    "platform": "tiktok",
    "start_date": "2025-08-18",
    "end_date": "2025-09-13",
    "target_zip": "11030",
    "target_demographic": "25-34",
    "ad_creative_id": "CREATIVE264",
    "impressions": 20985,
    "clicks": 567,
    "leads": 64,
    "appointments_booked": 45,
    "appointments_completed": 41,
    "total_spend": 6941,
    "total_revenue": 26650,
    "cpl": 108,
    "cpa": 169,
    "roas": 3.84,
    "profit": 19709
  },
  {
    "campaign_id": "CAMP1463",
    "platform": "facebook",
    "start_date": "2025-09-27",
    "end_date": "2025-09-21",
    "target_zip": "11030",
    "target_demographic": "25-34",
    "ad_creative_id": "CREATIVE539",
    "impressions": 2098,
    "clicks": 95,
    "leads": 14,
    "appointments_booked": 10,
    "appointments_completed": 9,
    "total_spend": 1457,
    "total_revenue": 5850,
    "cpl": 104,
    "cpa": 162,
    "roas": 4.02,
    "profit": 4393
  },
  {
    "campaign_id": "CAMP1464",
    "platform": "instagram",
    "start_date": "2025-09-10",
    "end_date": "2025-09-13",
    "target_zip": "10453",
    "target_demographic": "35-44",
    "ad_creative_id": "CREATIVE973",
    "impressions": 13820,
    "clicks": 400,
    "leads": 53,
    "appointments_booked": 27,
    "appointments_completed": 20,
    "total_spend": 7379,
    "total_revenue": 8000,
    "cpl": 139,
    "cpa": 369,
    "roas": 1.08,
    "profit": 621
  },
  {
    "campaign_id": "CAMP1465",
    "platform": "instagram",
    "start_date": "2025-08-24",
    "end_date": "2025-09-22",
    "target_zip": "10453",
    "target_demographic": "25-34",
    "ad_creative_id": "CREATIVE142",
    "impressions": 6378,
    "clicks": 217,
    "leads": 28,
    "appointments_booked": 14,
    "appointments_completed": 11,
    "total_spend": 4003,
    "total_revenue": 4400,
    "cpl": 143,
    "cpa": 364,
    "roas": 1.1,
    "profit": 397
  },
  {
    "campaign_id": "CAMP1466",
    "platform": "referral",
    "start_date": "2025-08-03",
    "end_date": "2025-09-10",
    "target_zip": "10453",
    "target_demographic": "25-34",
    "ad_creative_id": "CREATIVE411",
    "impressions": 11782,
    "clicks": 400,
    "leads": 215,
    "appointments_booked": 108,
    "appointments_completed": 81,
    "total_spend": 0,
    "total_revenue": 32400,
    "cpl": 0,
    "cpa": 0,
    "roas": 0,
    "profit": 32400
  },
  {
    "campaign_id": "CAMP1467",
    "platform": "organic",
    "start_date": "2025-07-26",
    "end_date": "2025-09-08",
    "target_zip": "11030",
    "target_demographic": "55+",
    "ad_creative_id": "CREATIVE139",
    "impressions": 40352,
    "clicks": 1640,
    "leads": 568,
    "appointments_booked": 398,
    "appointments_completed": 358,
    "total_spend": 0,
    "total_revenue": 232700,
    "cpl": 0,
    "cpa": 0,
    "roas": 0,
    "profit": 232700
  },
  {
    "campaign_id": "CAMP1468",
    "platform": "facebook",
    "start_date": "2025-09-16",
    "end_date": "2025-09-08",
    "target_zip": "11211",
    "target_demographic": "35-44",
    "ad_creative_id": "CREATIVE869",
    "impressions": 20061,
    "clicks": 329,
    "leads": 62,
    "appointments_booked": 31,
    "appointments_completed": 23,
    "total_spend": 4467,
    "total_revenue": 9200,
    "cpl": 72,
    "cpa": 194,
    "roas": 2.06,
    "profit": 4733
  },
  {
    "campaign_id": "CAMP1469",
    "platform": "instagram",
    "start_date": "2025-08-12",
    "end_date": "2025-09-26",
    "target_zip": "10021",
    "target_demographic": "35-44",
    "ad_creative_id": "CREATIVE180",
    "impressions": 36170,
    "clicks": 1600,
    "leads": 282,
    "appointments_booked": 197,
    "appointments_completed": 177,
    "total_spend": 27585,
    "total_revenue": 115050,
    "cpl": 98,
    "cpa": 156,
    "roas": 4.17,
    "profit": 87465
  },
  {
    "campaign_id": "CAMP1470",
    "platform": "organic",
    "start_date": "2025-09-27",
    "end_date": "2025-09-10",
    "target_zip": "11101",
    "target_demographic": "45-54",
    "ad_creative_id": "CREATIVE351",
    "impressions": 20912,
    "clicks": 842,
    "leads": 245,
    "appointments_booked": 123,
    "appointments_completed": 92,
    "total_spend": 0,
    "total_revenue": 36800,
    "cpl": 0,
    "cpa": 0,
    "roas": 0,
    "profit": 36800
  },
  {
    "campaign_id": "CAMP1471",
    "platform": "referral",
    "start_date": "2025-07-26",
    "end_date": "2025-09-21",
    "target_zip": "07302",
    "target_demographic": "25-34",
    "ad_creative_id": "CREATIVE912",
    "impressions": 29650,
    "clicks": 322,
    "leads": 140,
    "appointments_booked": 70,
    "appointments_completed": 53,
    "total_spend": 0,
    "total_revenue": 21200,
    "cpl": 0,
    "cpa": 0,
    "roas": 0,
    "profit": 21200
  },
  {
    "campaign_id": "CAMP1472",
    "platform": "google",
    "start_date": "2025-07-30",
    "end_date": "2025-09-10",
    "target_zip": "07302",
    "target_demographic": "25-34",
    "ad_creative_id": "CREATIVE328",
    "impressions": 22223,
    "clicks": 1462,
    "leads": 346,
    "appointments_booked": 173,
    "appointments_completed": 130,
    "total_spend": 36104,
    "total_revenue": 52000,
    "cpl": 104,
    "cpa": 278,
    "roas": 1.44,
    "profit": 15896
  },
  {
    "campaign_id": "CAMP1473",
    "platform": "referral",
    "start_date": "2025-09-21",
    "end_date": "2025-09-03",
    "target_zip": "10453",
    "target_demographic": "35-44",
    "ad_creative_id": "CREATIVE397",
    "impressions": 13544,
    "clicks": 260,
    "leads": 105,
    "appointments_booked": 53,
    "appointments_completed": 40,
    "total_spend": 0,
    "total_revenue": 16000,
    "cpl": 0,
    "cpa": 0,
    "roas": 0,
    "profit": 16000
  },
  {
    "campaign_id": "CAMP1474",
    "platform": "google",
    "start_date": "2025-09-25",
    "end_date": "2025-09-02",
    "target_zip": "07302",
    "target_demographic": "35-44",
    "ad_creative_id": "CREATIVE892",
    "impressions": 28042,
    "clicks": 604,
    "leads": 125,
    "appointments_booked": 63,
    "appointments_completed": 47,
    "total_spend": 15854,
    "total_revenue": 18800,
    "cpl": 127,
    "cpa": 337,
    "roas": 1.19,
    "profit": 2946
  },
  {
    "campaign_id": "CAMP1475",
    "platform": "referral",
    "start_date": "2025-09-06",
    "end_date": "2025-09-03",
    "target_zip": "11211",
    "target_demographic": "45-54",
    "ad_creative_id": "CREATIVE384",
    "impressions": 7012,
    "clicks": 349,
    "leads": 156,
    "appointments_booked": 78,
    "appointments_completed": 59,
    "total_spend": 0,
    "total_revenue": 23600,
    "cpl": 0,
    "cpa": 0,
    "roas": 0,
    "profit": 23600
  },
  {
    "campaign_id": "CAMP1476",
    "platform": "organic",
    "start_date": "2025-08-11",
    "end_date": "2025-09-11",
    "target_zip": "10453",
    "target_demographic": "35-44",
    "ad_creative_id": "CREATIVE409",
    "impressions": 5431,
    "clicks": 92,
    "leads": 26,
    "appointments_booked": 13,
    "appointments_completed": 10,
    "total_spend": 0,
    "total_revenue": 4000,
    "cpl": 0,
    "cpa": 0,
    "roas": 0,
    "profit": 4000
  },
  {
    "campaign_id": "CAMP1477",
    "platform": "instagram",
    "start_date": "2025-07-30",
    "end_date": "2025-09-20",
    "target_zip": "90210",
    "target_demographic": "25-34",
    "ad_creative_id": "CREATIVE524",
    "impressions": 8680,
    "clicks": 319,
    "leads": 49,
    "appointments_booked": 34,
    "appointments_completed": 31,
    "total_spend": 6009,
    "total_revenue": 20150,
    "cpl": 123,
    "cpa": 194,
    "roas": 3.35,
    "profit": 14141
  },
  {
    "campaign_id": "CAMP1478",
    "platform": "email",
    "start_date": "2025-07-15",
    "end_date": "2025-09-16",
    "target_zip": "11030",
    "target_demographic": "35-44",
    "ad_creative_id": "CREATIVE256",
    "impressions": 27516,
    "clicks": 902,
    "leads": 274,
    "appointments_booked": 192,
    "appointments_completed": 173,
    "total_spend": 1857,
    "total_revenue": 112450,
    "cpl": 7,
    "cpa": 11,
    "roas": 60.56,
    "profit": 110593
  },
  {
    "campaign_id": "CAMP1479",
    "platform": "facebook",
    "start_date": "2025-08-09",
    "end_date": "2025-09-17",
    "target_zip": "90210",
    "target_demographic": "35-44",
    "ad_creative_id": "CREATIVE399",
    "impressions": 11042,
    "clicks": 511,
    "leads": 74,
    "appointments_booked": 52,
    "appointments_completed": 47,
    "total_spend": 8033,
    "total_revenue": 30550,
    "cpl": 109,
    "cpa": 171,
    "roas": 3.8,
    "profit": 22517
  },
  {
    "campaign_id": "CAMP1480",
    "platform": "google",
    "start_date": "2025-08-12",
    "end_date": "2025-09-01",
    "target_zip": "07302",
    "target_demographic": "45-54",
    "ad_creative_id": "CREATIVE694",
    "impressions": 12406,
    "clicks": 679,
    "leads": 121,
    "appointments_booked": 61,
    "appointments_completed": 46,
    "total_spend": 18382,
    "total_revenue": 18400,
    "cpl": 152,
    "cpa": 400,
    "roas": 1,
    "profit": 18
  },
  {
    "campaign_id": "CAMP1481",
    "platform": "google",
    "start_date": "2025-07-28",
    "end_date": "2025-09-20",
    "target_zip": "11211",
    "target_demographic": "55+",
    "ad_creative_id": "CREATIVE829",
    "impressions": 30986,
    "clicks": 1341,
    "leads": 266,
    "appointments_booked": 133,
    "appointments_completed": 100,
    "total_spend": 35230,
    "total_revenue": 40000,
    "cpl": 132,
    "cpa": 352,
    "roas": 1.14,
    "profit": 4770
  },
  {
    "campaign_id": "CAMP1482",
    "platform": "organic",
    "start_date": "2025-08-18",
    "end_date": "2025-09-03",
    "target_zip": "10021",
    "target_demographic": "55+",
    "ad_creative_id": "CREATIVE581",
    "impressions": 46010,
    "clicks": 1039,
    "leads": 284,
    "appointments_booked": 199,
    "appointments_completed": 179,
    "total_spend": 0,
    "total_revenue": 116350,
    "cpl": 0,
    "cpa": 0,
    "roas": 0,
    "profit": 116350
  },
  {
    "campaign_id": "CAMP1483",
    "platform": "tiktok",
    "start_date": "2025-09-17",
    "end_date": "2025-09-24",
    "target_zip": "11030",
    "target_demographic": "35-44",
    "ad_creative_id": "CREATIVE187",
    "impressions": 45586,
    "clicks": 489,
    "leads": 49,
    "appointments_booked": 34,
    "appointments_completed": 31,
    "total_spend": 6041,
    "total_revenue": 20150,
    "cpl": 123,
    "cpa": 195,
    "roas": 3.34,
    "profit": 14109
  },
  {
    "campaign_id": "CAMP1484",
    "platform": "email",
    "start_date": "2025-07-20",
    "end_date": "2025-09-26",
    "target_zip": "90210",
    "target_demographic": "45-54",
    "ad_creative_id": "CREATIVE665",
    "impressions": 48187,
    "clicks": 2143,
    "leads": 880,
    "appointments_booked": 616,
    "appointments_completed": 554,
    "total_spend": 4556,
    "total_revenue": 360100,
    "cpl": 5,
    "cpa": 8,
    "roas": 79.04,
    "profit": 355544
  },
  {
    "campaign_id": "CAMP1485",
    "platform": "google",
    "start_date": "2025-09-09",
    "end_date": "2025-09-05",
    "target_zip": "11030",
    "target_demographic": "35-44",
    "ad_creative_id": "CREATIVE511",
    "impressions": 6149,
    "clicks": 232,
    "leads": 45,
    "appointments_booked": 31,
    "appointments_completed": 28,
    "total_spend": 6252,
    "total_revenue": 18200,
    "cpl": 139,
    "cpa": 223,
    "roas": 2.91,
    "profit": 11948
  },
  {
    "campaign_id": "CAMP1486",
    "platform": "referral",
    "start_date": "2025-09-26",
    "end_date": "2025-09-02",
    "target_zip": "10021",
    "target_demographic": "55+",
    "ad_creative_id": "CREATIVE379",
    "impressions": 3081,
    "clicks": 87,
    "leads": 43,
    "appointments_booked": 30,
    "appointments_completed": 27,
    "total_spend": 0,
    "total_revenue": 17550,
    "cpl": 0,
    "cpa": 0,
    "roas": 0,
    "profit": 17550
  },
  {
    "campaign_id": "CAMP1487",
    "platform": "instagram",
    "start_date": "2025-08-07",
    "end_date": "2025-09-08",
    "target_zip": "10453",
    "target_demographic": "45-54",
    "ad_creative_id": "CREATIVE173",
    "impressions": 20533,
    "clicks": 965,
    "leads": 137,
    "appointments_booked": 69,
    "appointments_completed": 52,
    "total_spend": 16901,
    "total_revenue": 20800,
    "cpl": 123,
    "cpa": 325,
    "roas": 1.23,
    "profit": 3899
  },
  {
    "campaign_id": "CAMP1488",
    "platform": "organic",
    "start_date": "2025-08-24",
    "end_date": "2025-09-24",
    "target_zip": "11030",
    "target_demographic": "25-34",
    "ad_creative_id": "CREATIVE318",
    "impressions": 5248,
    "clicks": 57,
    "leads": 15,
    "appointments_booked": 11,
    "appointments_completed": 10,
    "total_spend": 0,
    "total_revenue": 6500,
    "cpl": 0,
    "cpa": 0,
    "roas": 0,
    "profit": 6500
  },
  {
    "campaign_id": "CAMP1489",
    "platform": "referral",
    "start_date": "2025-09-19",
    "end_date": "2025-09-09",
    "target_zip": "90210",
    "target_demographic": "35-44",
    "ad_creative_id": "CREATIVE571",
    "impressions": 1800,
    "clicks": 88,
    "leads": 44,
    "appointments_booked": 31,
    "appointments_completed": 28,
    "total_spend": 0,
    "total_revenue": 18200,
    "cpl": 0,
    "cpa": 0,
    "roas": 0,
    "profit": 18200
  },
  {
    "campaign_id": "CAMP1490",
    "platform": "tiktok",
    "start_date": "2025-09-03",
    "end_date": "2025-09-04",
    "target_zip": "07302",
    "target_demographic": "25-34",
    "ad_creative_id": "CREATIVE286",
    "impressions": 5614,
    "clicks": 172,
    "leads": 20,
    "appointments_booked": 10,
    "appointments_completed": 8,
    "total_spend": 1988,
    "total_revenue": 3200,
    "cpl": 99,
    "cpa": 248,
    "roas": 1.61,
    "profit": 1212
  },
  {
    "campaign_id": "CAMP1491",
    "platform": "facebook",
    "start_date": "2025-07-29",
    "end_date": "2025-09-20",
    "target_zip": "11030",
    "target_demographic": "45-54",
    "ad_creative_id": "CREATIVE657",
    "impressions": 15169,
    "clicks": 740,
    "leads": 135,
    "appointments_booked": 95,
    "appointments_completed": 86,
    "total_spend": 12020,
    "total_revenue": 55900,
    "cpl": 89,
    "cpa": 140,
    "roas": 4.65,
    "profit": 43880
  },
  {
    "campaign_id": "CAMP1492",
    "platform": "tiktok",
    "start_date": "2025-07-04",
    "end_date": "2025-09-13",
    "target_zip": "11101",
    "target_demographic": "45-54",
    "ad_creative_id": "CREATIVE141",
    "impressions": 11762,
    "clicks": 511,
    "leads": 59,
    "appointments_booked": 30,
    "appointments_completed": 23,
    "total_spend": 6614,
    "total_revenue": 9200,
    "cpl": 112,
    "cpa": 288,
    "roas": 1.39,
    "profit": 2586
  },
  {
    "campaign_id": "CAMP1493",
    "platform": "referral",
    "start_date": "2025-07-31",
    "end_date": "2025-08-31",
    "target_zip": "10021",
    "target_demographic": "35-44",
    "ad_creative_id": "CREATIVE579",
    "impressions": 45618,
    "clicks": 2218,
    "leads": 1089,
    "appointments_booked": 762,
    "appointments_completed": 686,
    "total_spend": 0,
    "total_revenue": 445900,
    "cpl": 0,
    "cpa": 0,
    "roas": 0,
    "profit": 445900
  },
  {
    "campaign_id": "CAMP1494",
    "platform": "email",
    "start_date": "2025-08-14",
    "end_date": "2025-09-17",
    "target_zip": "10453",
    "target_demographic": "25-34",
    "ad_creative_id": "CREATIVE959",
    "impressions": 11620,
    "clicks": 178,
    "leads": 62,
    "appointments_booked": 31,
    "appointments_completed": 23,
    "total_spend": 322,
    "total_revenue": 9200,
    "cpl": 5,
    "cpa": 14,
    "roas": 28.55,
    "profit": 8878
  },
  {
    "campaign_id": "CAMP1495",
    "platform": "organic",
    "start_date": "2025-09-26",
    "end_date": "2025-09-09",
    "target_zip": "10021",
    "target_demographic": "35-44",
    "ad_creative_id": "CREATIVE586",
    "impressions": 29326,
    "clicks": 900,
    "leads": 239,
    "appointments_booked": 167,
    "appointments_completed": 150,
    "total_spend": 0,
    "total_revenue": 97500,
    "cpl": 0,
    "cpa": 0,
    "roas": 0,
    "profit": 97500
  },
  {
    "campaign_id": "CAMP1496",
    "platform": "organic",
    "start_date": "2025-08-13",
    "end_date": "2025-09-07",
    "target_zip": "10453",
    "target_demographic": "25-34",
    "ad_creative_id": "CREATIVE484",
    "impressions": 6686,
    "clicks": 169,
    "leads": 48,
    "appointments_booked": 24,
    "appointments_completed": 18,
    "total_spend": 0,
    "total_revenue": 7200,
    "cpl": 0,
    "cpa": 0,
    "roas": 0,
    "profit": 7200
  },
  {
    "campaign_id": "CAMP1497",
    "platform": "google",
    "start_date": "2025-08-12",
    "end_date": "2025-09-29",
    "target_zip": "07302",
    "target_demographic": "35-44",
    "ad_creative_id": "CREATIVE388",
    "impressions": 5796,
    "clicks": 178,
    "leads": 36,
    "appointments_booked": 18,
    "appointments_completed": 14,
    "total_spend": 4637,
    "total_revenue": 5600,
    "cpl": 129,
    "cpa": 331,
    "roas": 1.21,
    "profit": 963
  },
  {
    "campaign_id": "CAMP1498",
    "platform": "google",
    "start_date": "2025-08-01",
    "end_date": "2025-09-04",
    "target_zip": "90210",
    "target_demographic": "35-44",
    "ad_creative_id": "CREATIVE413",
    "impressions": 6077,
    "clicks": 210,
    "leads": 54,
    "appointments_booked": 38,
    "appointments_completed": 34,
    "total_spend": 5238,
    "total_revenue": 22100,
    "cpl": 97,
    "cpa": 154,
    "roas": 4.22,
    "profit": 16862
  },
  {
    "campaign_id": "CAMP1499",
    "platform": "facebook",
    "start_date": "2025-09-10",
    "end_date": "2025-09-04",
    "target_zip": "11101",
    "target_demographic": "45-54",
    "ad_creative_id": "CREATIVE983",
    "impressions": 46082,
    "clicks": 794,
    "leads": 164,
    "appointments_booked": 82,
    "appointments_completed": 62,
    "total_spend": 11014,
    "total_revenue": 24800,
    "cpl": 67,
    "cpa": 178,
    "roas": 2.25,
    "profit": 13786
  }
]